@article{mattsson2004summation,
	title={Summation by parts operators for finite difference approximations of second derivatives},
	author={Mattsson, Ken and Nordstr{\"o}m, Jan},
	journal={Journal of Computational Physics},
	volume={199},
	number={2},
	pages={503--540},
	year={2004},
	publisher={Elsevier}
}

@article{petersson2015wave,
  title={Wave propagation in anisotropic elastic materials and curvilinear coordinates using a summation-by-parts finite difference method},
  author={Petersson, N Anders and Sj{\"o}green, Bj{\"o}rn},
  journal={Journal of Computational Physics},
  volume={299},
  pages={820--841},
  year={2015},
  publisher={Elsevier}
}

@article{sjogreen2012fourth,
	title={A fourth order accurate finite difference scheme for the elastic wave equation in second order formulation},
	author={Sj{\"o}green, Bj{\"o}rn and Petersson, N Anders},
	journal={Journal of Scientific Computing},
	volume={52},
	number={1},
	pages={17--48},
	year={2012},
	publisher={Springer}
}

@book{thompson1985numerical,
	title={Numerical grid generation: foundations and applications},
	author={Thompson, Joe F and Warsi, Zahir UA and Mastin, C Wayne},
	volume={45},
	year={1985},
	publisher={North-holland Amsterdam}
}

@article{wang2018fourth,
	title={Fourth order finite difference methods for the wave equation with mesh refinement interfaces},
	author={Wang, Siyang and Petersson, N Anders},
	journal={arXiv preprint arXiv:1809.04310},
	year={2018}
}