@String{SISSC = "SIAM J. Sci. Stat. Comput."}                                  
@string{JCP   = "J. Comput. Phys."}                                              
                                                                               
@Book{Eringen_Suhubi_1975,
  author = 	 {A. Cemal Eringen and Erdo\v{g}an
  S. \c{S}uhubi},
  title = 	 {Elastodynamics, Volume II},
  publisher = 	 {Elsevier},
  year = 	 {1975}
}

@ARTICLE{Glu-89,
    AUTHOR = "V. D. Glushenkov",
    TITLE = "A Difference Analog of the {K}orn Inequality",
    JOURNAL = "J. Soviet Math.",
    VOLUME = 46,
    YEAR = 1989,
    PAGES = "2176--2182",
}
                  
@Misc{Pet-seminar-12,
  author = 	 {N. A. Petersson},
  title = 	 {Source estimation by full wave form inversion},
  howpublished = {Invited seminars at LLNL, LBNL, USC, and SDSU},
  month = 	 {Jan-Apr},
  year = 	 {2012},
  note = 	 {LLNL-PRES-525651}
}

@Misc{Pet-SIAM-AN08,
  author = 	 {N. A. Petersson},
  title = 	 {Large scale simulations of earthquakes},
  howpublished = {Invited keynote presentation, SIAM Annual Meeting, San Diego, CA},
  month = 	 {July},
  year = 	 {2008},
  note = 	 {LLNL-PRES-405138}
}

@InProceedings{Rod-MRR-08,
  author = 	 {A. J. Rodgers and E. Matzel and M. Pasyanos and N. A. Petersson and B. Sjogreen and C. Bono and O. Vorobiev and T. Antoun and W. Walter},
  title = 	 {Seismic Simulations Using Parallel Computing And Three-Dimensional Earth Models To Improve Nuclear Explosion Phenomenology and Monitoring},
  year = 	 {2008},
  organization = {Monitoring Research Review},
  address = 	 {Portsmouth, VA},
  month = 	 {September}
}


@InProceedings{Rod-MRR-09,
  author = 	 {A. J. Rodgers and O. Y. Vorobiev and N. A. Petersson and B. A. Sjogreen and M. Avants},
  title = 	 {Toward end-to-end seismic simulations for nuclear explosion monitoring},
  year = 	 {2009},
  organization = {Monitoring Research Review},
  address = 	 {Tucson, AZ},
  month = 	 {September},
}

@TechReport{Rod-progress-09,
  author = 	 {A. J. Rodgers and O. Y. Vorobiev and B. Sjogreen and N. A. Petersson},
  title = 	 {Simulation of Seismic Waves from Underground Explosions in Geologic Media: {FY}2009 Progress Report},
  institution =  {Lawrence Livermore National Laboratory},
  year = 	 {2009},
  type = 	 {Technical report},
  number = 	 {LLNL-TR-420208},
}

@Article{XuRodLomPetSjoVor-12,
  author = {H. Xu and A.J. Rodgers and I.N. Lomov and N.A. Petersson and B. Sjogreen and O.Y. Vorobiev},
  title = {Simulation of explosion ground motion using a hydrodynamic-to-elastic coupling approach in three dimensions},
  journal =  {Bull. Seismo. Soc. Amer.},
  year = {2013},
  volume = {103},
  pages = {1629-1639}
}

@Book{carcione-01,
  author = 	 {J. M. Carcione},
  title = 	 {Wave fields in real media: wave propagation in anisotropic, anelastic and porous media},
  publisher = 	 {Pergamon, Elsevier Science},
  year = 	 {2001},
  volume = 	 {31},
  series = 	 {Handbook of geophysical exploration: seismic exploration}
}

@ARTICLE{Bamberger-et-al-97,
      AUTHOR = "A. Bamberger and R. Glowinski and Q. H. Tran",
      TITLE   = "A domain decomposition method for the acoustic wave equation
         with discontinuous coefficients and grid change",
      JOURNAL = "SIAM J. Numer. Anal.", 
      VOLUME  = 34,
      YEAR    = 1997,
      PAGES   = "603--639"
}

@ARTICLE{Berger-85,                                                              
  author = "M. J. Berger",                                                    
  title = "Stability of Interfaces with Mesh Refinement",                     
  journal = "Math. Comp.",                                                    
  volume = 45,                                                                
  pages = "301--318",                                                         
  year = 1985
}


@ARTICLE{Berger-87,
  author = "M. J. Berger",                                                    
  title = "On Conservation at Grid Interfaces",                               
  journal = "SIAM J. of Numer. Anal.",                                        
  volume = 24,                                                                
  pages = "967--984",                                                         
  year = 1987
}
                  
@ARTICLE{Carpenter-et-al-94,
         AUTHOR ="Carpenter, M. H. and Gottlieb, D. and Abarbanel, S.",
         TITLE  ="Time-Stable Boundary Conditions for Finite-Difference
            Schemes Solving Hyperbolic Systems:  Methodology and Application
            to High-Order Compact Schemes",
         JOURNAL = "J. Comput. Phys.",
         VOLUME  =  111,
         YEAR    = 1994,
         PAGES   = "220--236",
 }

@ARTICLE{Carpenter-et-al-99,
      AUTHOR  = "M. H. Carpenter and J. Nordstr{\"o}m and D. Gottlieb",
      TITLE   = "A Stable and Conservative Interface Treatment of Arbitrary 
                 Spatial Accuracy",
      JOURNAL = "J. Comput. Phys.", 
      VOLUME  = 148,
      YEAR    = 1999,
      PAGES   = "341--365"
}

@ARTICLE{Kramer-et-al-07,
      AUTHOR = "R. M. J. Kramer and C. Pantano and D.I. Pullin",
      TITLE = "A class of energy stable, high-order finite-difference interface schemes 
               suitable for adaptive mesh refinement of hyperbolic problems",
      JOURNAL = "J. Comput. Phys.", 
      VOLUME  = 226,
      YEAR    = 2007,
      PAGES   = "1458--1484"
}


@Article{ApsLuc-83,
  author = 	 {R. J. Apsel and J. E. Luco},
  title = 	 {On the Green's functions for a layered half-space},
  journal = 	 {Bull. Seism. Soc. Am.},
  year = 	 {1983},
  volume = 	 {73},
  pages = 	 {931-951}
}

@ARTICLE{Kramer-et-al-08,
      AUTHOR = "R. M. J. Kramer and C. Pantano and D.I. Pullin",
      TITLE = "Nondissipative and energy-stable high-order finite-difference interface
               schemes for 2-{D} patch-refined grids",
      JOURNAL = "J. Comput. Phys.", 
      VOLUME  = 228,
      YEAR    = 2009,
      PAGES   = "5280--5297"
}

@ARTICLE{Mattsson-et-al-08,
      AUTHOR  = "K. Mattsson and F. Ham and G. Iaccarino",
      TITLE   = "Stable and accurate wave-propagation in discontinuous media",
      JOURNAL = "J. Comput. Phys.", 
      VOLUME  = 227,
      YEAR    = 2008,
      PAGES   = "8753--8767"
}

@ARTICLE{Mattsson-et-al-08-ns,
      AUTHOR  = "K. Mattsson and M. Sv{\"a}rd and M. Shoeybi",
      TITLE   = "Stable and accurate schemes for the compressible 
{N}avier-{S}tokes equations",
      JOURNAL = "J. Comput. Phys.",
      VOLUME  = 227,
      YEAR    = 2008,
      PAGES   = "2293--2316"
}


@ARTICLE{Nordstrom-et-al-09,
      AUTHOR  = "J. Nordstr{\"o}m and J. Gong and E. van der Weide and M. Sv{\"a}rd",
      TITLE   = "A stable and conservative high order multi-block method for
                 the compressible {N}avier-{S}tokes equations",
      JOURNAL = "J. Comput. Phys.", 
      VOLUME  = 228,
      YEAR    = 2009,
      PAGES   = "9020--9035"
}


@ARTICLE{Part-Sjogreen-94,
        AUTHOR ="E. P{\"a}rt-Enander and B. Sj{\"o}green",
        TITLE  ="Conservative and Non-Conservative Interpolation Between Overlapping Grids for Finite Volume Solutions of Hyperbolic Problems",
        JOURNAL = "Computers Fluids",
        VOLUME  = "23",
        YEAR    = 1994,
        PAGES   = "551--574",
} 

@ARTICLE{Pember-et-al-95,
        AUTHOR ="R. B. Pember and J. B. Bell and P. Colella and 
                 W. Y. Crutchfield and M. L. Welcome",
        TITLE  ="An Adaptive {C}artesian Grid Method for Unsteady Compressible
                 Flow in Irregular Regions",
        JOURNAL = "J. Comput. Phys.",
        VOLUME  = "120",
        YEAR    = 1995,
        PAGES   = "278--304",
} 

@ARTICLE{Starius-80,
        AUTHOR ="G. Starius",
        TITLE  ="On composite mesh difference methods for hyperbolic differential equations",
        JOURNAL = "Num. Math.",
        VOLUME  = "35",
        YEAR    = 1980,
        PAGES   = "241--255",
} 

@ARTICLE{Wang-et-al-01,
        AUTHOR ="Y. Wang and J. Xu and G.T. Schuster",
        TITLE  ="Viscoelastic Wave Simulation in Basins by a Variable-Grid Finite-Difference Method",
        JOURNAL = "Bull. Seism. Soc. Am.",
        VOLUME  = "91",
        YEAR    = 2001,
        PAGES   = "1741--1749",
} 
                  
@Article{Abdallah87a,                                                          
   author = "S. Abdallah",                                                     
   title = "Numerical Solutions for the Pressure Poisson Equation with         
            {N}eumann Boundary Conditions Using a Non-staggered Grid, {I}",      
   journal = JCP,                                                              
   volume = 70,                                                                
   number = 1,                                                                 
   pages = "182--192",                                                         
   year = 1987}                                                                
                                                                               
@ARTICLE{Abdallah87b,                                                          
   author = "S. Abdallah",                                                     
   title = "Numerical Solutions for the Incompressible Navier-Stokes           
            Equations in Primitive Variables Using a Non-staggered             
            Grid, {II}",                                                       
   journal = JCP,                                                              
   volume = 70,                                                                
   number = 1,                                                                 
   pages = "193--202",                                                         
   year = 1987}                                                                


@Unpublished{Almgren,
  author = "A. Almgren and J. Bell and P. Colella and T. Marthaler",
  title  = "A {C}artesian mesh projection method for the
		  incompressible {E}uler equations",
  note   ="Mechanical Engineering, UC Berkeley"}


@Article{AppeloKreiss,
  author = 	 {D. Appel{\"o} and G. Kreiss},
  title = 	 {A new absorbing layer for elastic waves},
  journal = 	 {J. Comput. Phys.},
  year = 	 {2006},
  volume = 	 {215},
  pages = 	 {642-660}
}

@Book{Aki-Richards-02,
  author = 	 {K. Aki and P. G. Richards},
  title = 	 {Quantitative seismology},
  publisher = 	 {University Science Books},
  year = 	 {2002},
  address = 	 {Sausalito, CA, USA},
  edition = 	 {2nd},
}

@techreport{Apworking,
   author = "N. A. Petersson",
   title = "A Radiation Boundary Condition for Linear 3-D Steady Ship Waves",
   institution = "Department of Numerical Analysis and Computer Science,
                  Royal Institute of Technology",
   type = "{Unpublished notes}",
   year = 1990}

@ARTICLE{Atta83, 
   author = "E. H. Atta and J. Vadyak ",
   title = "A grid overlapping scheme for flowfield computations about
            multicomponent configurations",
   journal = "AIAA Journal",  
   volume = 21, 
   pages = "1271--1277",
   year =  1983}                                                                               
@inproceedings{BCHK1,                                     
   author = "D.L. Brown, G. Chesshire, W.D. Henshaw and H.O. Kreiss ",
   booktitle = "Proceedings of the Seventh International
                Conference on Finite Element Methods in Flow Problems",
   title = "On Composite Overlapping Grids LA-UR-89-315",
   year = 1989}

@inproceedings{Baker,                                                          
   author = "T. J. Baker",                                                     
   booktitle = "Numerical Grid Generation in Computational Fluid               
                Mechanics '88",                                                
   title = "Generation of Tetrahedral Meshes around complete aircraft",        
   editor = "S. Sengupta et. al.",                                             
   publisher = "Pineridge Press Limited",                                      
   pages = "675",                                                              
   year = 1998}    

@ARTICLE{Baker-Meiron-Orszag,
    author  = "G. R. Baker and D. Meiron and S. Orszag",
    title   = "Vortex simulations of the {R}ayleigh--{T}aylor instability",
    journal = "Phys. Fluids",
    volume  = "23",
    pages   = "1485-1489",
    year    = 1980}

@ARTICLE{Baker-Meiron-Orszag2,
    author  = "G. R. Baker and D. Meiron and S. Orszag",
    title   = "Generalized vortex methods for free-surface flow problems",
    journal = "J. Fluid Mech.",
    volume  = "123",
    pages   = "477--501",
    year    = 1982}

@techreport{BakerNachbin,
   author = "G. R. Baker and A. Nachbin",
   title  = "Stable methods for vortex sheet motion in the presence of
             surface tension",
   institution = "Dept. of Mathematics, Ohio State University",
   number = "92--23",
   year = 1992}                                                                
                                                                               

@Book{balanis,
  author = 	 {C. A. Balanis},
  title = 	 {Advanced Engineering Electromagnetics},
  publisher = 	 {Wiley, New York},
  year = 	 {1989}
}

@ARTICLE{Baysal91,
   author = "O. Baysal, K. Fouladi, V. R. Lessard",
   title = "Multigrid and Upwind Viscous Flow Solver on Three
            Dimensional Overlapped and Embedded grids ",
   journal = "AIAA Journal",  
   volume = 29, 
   pages = "903-910 ",
   year = 1991}

@ARTICLE{Beale,                                                          
   author = "J. T. Beale and T. Y. Hou and J. S. Lowengrub",
   title = "Convergence of a Boundary Integral Method for Water Waves",
   journal = "SIAM J.~Numer.~Anal.",
   volume = "33(5)",
   pages = "??--??",
   year = 1996}                                                            

@ARTICLE{Beale2,                                                          
   author = "J. T. Beale and T. Y. Hou and J. S. Lowengrub",
   title = "Growth Rates for the Linearized Motion of Fluid Interfaces
            Away From Equilibrium",
   journal = "Comm. Pure Appl. Math.",
   volume = "XLVI",
   pages = "1269--1301",
   year  = 1993}
                                                                               
@ARTICLE{Bechtel,
  author="Bechtel, S. E.",
  title={The oscillation of slender elliptical inviscid and {N}ewtonian
          jets: Effects of surface  tension, inertia, viscosity and
          gravity},
  journal={J. Applied Mech.},
  volume={56},
  pages={968--974}, 
  year={1989}}  

@Article{BecFauJol-03,
  author = 	 {E. B{\'e}cache and S. Fauqueux and P. Joly},
  title = 	 {Stability of perfectly matched layers, group velocities and anisotropic waves},
  journal = 	 {J. Compt. Phys.},
  year = 	 {2003},
  volume = 	 {188},
  pages = 	 {399-433}
}

@techreport{Bechtelpetersson,
   author = "S. E. Bechtel and J. A. Cooper and M. G. Forest and N. A.
             Petersson and D. L. Reichard and A. Saleh and V. Venkataraman",
   title  = "A New Model to Determine Dynamic Surface Tension and
             Elongational Viscosity Using Oscillating Jet
             Measurements",
   institution = "Los Alamos National Laboratory, NM",
   type   = "LA--UR",
   number = "93--3500",
   note   = "{To appear in J. Fluid Mech.}",
   year   = 1993}

@inproceedings{Belk,                   
   author = "R. C. Maple and D. M. Belk",
   booktitle = "Numerical Grid Generation in Computational Fluid
		  Dynamics and related fields", 
   title = "A new approach to domain decomposition: the {Beggar} code",   
   editor = "N. P. Weatherill",
   publisher = "Pine Ridge Press",                 
   pages = "305--314",       
   year = 1994}

@inproceedings{Belk2,                   
   author = "R. W. Noack and D. M. Belk",
   booktitle = "3:rd {S}ymposium on {O}verset {C}omposite {G}rid and
		  {S}olution {T}echnology", 
   title = "Improved interpolation for viscous overset grids",
   publisher = "Los Alamos National Laboratory",                 
   year = 1996}

@Article{Bell89,
  author = 	 {J. B. Bell and P. Colella and H. M. Glaz},
  title = 	 {A second-order projection method for the incompressible {N}avier--{S}tokes equations},
  journal = 	 JCP,
  volume =       {85},
  year = 	 {1989},
  pages = 	 {257-283}
}

@inproceedings{Benek1,   
   author = "J. A. Benek and P. G. Buning and J. L. Steger",
   title = "A 3-{D} {C}himera Grid Embedding Technique", 
   booktitle = "Proceedings of the 7th {AIAA} Computational
            Fluid Dynamics Conference, {C}incinnati",  
   publisher = "AIAA",                                              
   pages = "322--331",       
   year = 1985}              
                                                  
@ARTICLE{Benek2,     
   author = "J. A. Benek and J. L. Steger and F. C. Dougherty",
   title = "A Flexible Grid Embedding Technique with Application to
            the {E}uler Equations ", 
   journal = "AIAA",
   volume = "83-1944",  
   year = 1983 } 

@ARTICLE{Benek3,   
   author = "J. A. Benek and P. G. Buning and J. L. Steger",
   title = "A 3-{D} {C}himera Grid Embedding Technique", 
   journal = "AIAA",                                              
   volume = "85--1523", 
   year = 1985}              
                                                  
@ARTICLE{Bentley,
  author  = "Jon L. Bentley and Thomas A. Ottmann",
  title   = "Algorithms for reporting and counting geometric intersections",
  journal = "{IEEE} transactions on computers",
  year    = "1979",
  volume  = "C-28",
  number  = "9",
  pages   = "643--647"}

@ARTICLE{ Berenger,
       AUTHOR = "J. P. Berenger", 
       TITLE  = "A perfectly matched layer for the absorption of electromagnetic waves",
       JOURNAL = jcp,
       VOLUME  = 114,
       YEAR    = 1994,
       PAGES   = "185--200"
  }

@ARTICLE{Berger,                                                               
   author = "M. J. Berger",                                                    
   title = "On Conservation at Grid Interfaces",                               
   journal = "SIAM J. of Numer. Anal.",                                        
   volume = 24,                                                                
   pages = "967--984",                                                         
   year = 1987}                                                                
                                                                               
@ARTICLE{Berger2,                                                              
   author = "M. J. Berger",                                                    
   title = "Stability of Interfaces with Mesh Refinement",                     
   journal = "Math. Comp.",                                                    
   volume = 45,                                                                
   pages = "301--318",                                                         
   year = 1985}                                                                
                                                                               
@ARTICLE{Berger3,                                                              
   author = "M. J. Berger and J. Oliger",                                      
   title = "Adaptive Mesh Refinement for Hyperbolic Partial Differential       
            Equations",                                                        
   journal = JCP,                                                              
   volume = 53,                                                                
   pages = "484--512",                                                         
   year = 1984}                                                                
                                                                               
@ARTICLE{Berger4,
   author = "M. J. Berger and A. Jameson",
   title = "Automatic Adaptive Grid Refinement for the Euler Equations", 
   journal = "AIAA Journal",  
   volume = "23:4", 
   pages = "561--568 ",
   year = 1985 } 

@Article{Berger2003,
  author = 	 {M. J. Berger and C. Helzel and R. J. LeVeque},
  title = 	 {{H}-{B}ox methods for the approximation of hyperbolic conservation laws on irregular grids},
  journal = 	 {SIAM J. Numer. Anal.},
  year = 	 {2003},
  volume = 	 {41},
  pages = 	 {893--918}
}

@Article{Berthelsen,
  author = 	 {P.A. Berthelsen},
  title = 	 {A decomposed immersed interface method for variable coefficient elliptic equaitons with non-smooth and discontinuous solutions},
  journal = 	 {J. Comput. Phys.},
  year = 	 {2004},
  volume = 	 {197},
  pages = 	 {364-386}
}

@Article{Bkreiss,
   author = "B. Kreiss ",
   title = "Construction of a Curvilinear Grid ",
   journal = "SIAM J. Sci. Stat. Comput. ",  
   volume = "4, No. 2", 
   pages = "270--279 ",
   year = 1983 } 

@Article{Bohr,
  author="Bohr, N.",
  title={Determination of dynamic surface tension by the method of
         jet vibration}, 
  journal={Trans. Roy. Soc., London},
  year={1909},
  volume={209},
  pages={281--317}}    
                             
@inproceedings{Brandt73,                                     
   author = "A. Brandt ",
   booktitle = "Proc. of 3rd Int. Conf. on Numer. Methods 
                Fluids Mech", 
   title = "Multi-level Adaptive Technique {MLAT} for Fast
            Numerical Solution to Boundary-Value Problems ",
   editor = "H. Cabannes, R. Temam ",                                   
   publisher = "Springer-Verlag ",     
   pages = "82--89 ",       
   year = 1973}              

@ARTICLE{Brandt77,
   author = "A. Brandt ",
   title = "Multi-lebel Adaptive Solutions to Boundary-Value
            Problems ",
   journal = "Math. Comput.",  
   volume = 31, 
   pages = "330--390 ",
   year = 1977  } 

@inproceedings{Brandt77b,                   
   author = "A. Brandt and N. Dinar ",
   booktitle = "Numerical Methods in PDE ", 
   title = "Multigrid solution to elliptic flow problems ",   
   editor = "S. V. Parter ",                                   
   publisher = "Academic Press, New York ",                 
   pages = "53--147 ",       
   year = 1977}              

@inproceedings{Brown,                                                          
   author = "D. L. Brown",                                                     
   booktitle = "Third International Conference on Hyperbolic                   
            Problems",                                                         
   title = "A Finite Volume Method for Solving the {Navier-Stokes}             
              Equations on Composite Overlapping Grids",                       
   editor = "B. Engquist and B. Gustafsson",                                   
   publisher = "Chartwell-Bratt",                                              
   pages = "141--158",                                                         
   year = 1991}                                                                
                                                                               

@Article{Brown84,
  author = 	 {D. L. Brown},
  title = 	 {A note on the numerical solution of the wave equation with piecewise smooth coefficients},
  journal = 	 {Math. Comput.},
  year = 	 {1984},
  volume = 	 {42},
  number = 	 {166},
  pages = 	 {369--391}
}

@misc{Brown87, 
   author = "D. L. Brown",
   title = "Private Communiction",
   institution = "Los Alamos National Laboratory",
   year = 1987}

@ARTICLE{Browning89,                                                           
   author = "G. Browning",                                                     
   title = "A Comparison of Three Numerical Methods for Solving Differential   
            Equations on the Sphere",                                          
   journal = "Monthly Weather Review",                                         
   volume = 117,                                                               
   pages = "1058--1075",                                                        
   year = 1989}                                                                
                                                                               
@Article{Buff,
   author = "Buff",
   title  = "Schreiben an {H}rn. {P}rof. {M}agnus vom {P}rof. {B}uff",
   journal= "Annalen der Physik and Chemie",
   editor = "J. C. Poggendorf",
   volume = 100,
   pages  = "168--171",
   year   = 1857}
  
@Article{Browning-Kreiss-Oliger,
  author = 	 {G. Browning and H-.O. Kreiss and J. Oliger},
  title = 	 {Mesh Refinement},
  journal = 	 {Math. Comp.},
  year = 	 1973,
  volume =	 27,
  pages =	 {29-39}
}

@article{KreOli72,
	Author = {H.-O. Kreiss and J. Oliger},
	Date-Modified = {2009-09-11 10:56:50 -0700},
	Journal = {Tellus},
	Pages = {199--215},
	Title = {Comparison of accurate methods for the integration of hyperbolic equations},
	Volume = 24,
	Year = 1972}

@TechReport{Gomez-Ma,
  author = 	 {R.J. Gomez and E.C. Ma},
  title = 	 {Validation of a large scale chimera grid system for the space shuttle launch vehicle},
  institution =  {AIAA},
  type = 	 {paper},
  number = 	 {94-1859-CP},
  year = 	 {1994}
}

@techreport{Buning,                                                            
   author = "P. G. Buning and I. T. Chiu and S. Obayashi and Y. M. Rizk        
   and  J. L. Steger",                                                         
   title = "Numerical Simulation of the Integrated Space Shuttle Vehicle       
            in Ascent",                                                        
   institution = "AIAA",                                                       
   type = "paper",                                                             
   number = "88-4359-CP",                                                      
   year = 1988}                                                                
                                                                               
@Article{Cai-Deng,
  author = 	 {W. Cai and S.Z. Deng},
  title = 	 {An upwinding embedded boundary method for {M}axwell's equations in media with material interfaces: 2{D} case},
  journal = 	 {J. Comput. Phys.},
  year = 	 {2003},
  volume = 	 {190},
  pages = 	 {159}
}


@Article{Coh-Fau-05,
  author = 	 {G. Cohen and S. Fauqueux},
  title = 	 {Mixed spectral finite elements for the linear elasticity system in unbounded domains},
  journal = 	 {SIAM J. Sci. Comput.},
  year = 	 {2005},
  volume = 	 {26},
  number = 	 {3},
  pages = 	 {864-884}
}

@techreport{CG3D,                                                              
   author = "W. D. Henshaw and G. Chesshire and M.E. Henderson",               
   title = "On Constructing Three Dimensional Overlapping Grids                
            with {CMPGRD}",                                                    
   institution = "IBM Research Division, Yorktown Heights, NY",                
   type = "IBM Research Report",                                               
   number = "RC ?????",                                                        
   year = 1992}                                                                
                                                                               
@techreport{CGCNS,                                                             
   author = "W. D. Henshaw and D. N. Schwendeman",                             
   title = "{CGCNS}: A Solver for the Compressible {N}avier-{S}tokes           
            and {E}uler Equations on Overlapping Grids",                       
   institution = "IBM Research Division, Yorktown Heights, NY",                
   type = "IBM Research Report",                                               
   number = "RC ?????",                                                        
   year = 1992}                                                                
                                                                               
@ARTICLE{CGConserve,                                                              
   author = "G. Chesshire and W. D. Henshaw",                                  
   title = "Conservation on Composite Overlapping Grids",
   journal = "SIAM J. Sci. Comput.",
   volume = "15",
   pages = "819--845",
   year = 1994}                                                                
                                                                               
@techreport{CGES,                                                              
   author = "W. D. Henshaw",                                                   
   title = "{CGES}: A Composite Grid Equation Solver for Use                   
            with {CMPGRD}",                                                    
   institution = "IBM Research Division, Yorktown Heights, NY",                
   type = "IBM Research Report",                                               
   number = "RC ?????",                                                        
   year = 1992}                                                                
                                                                               
@article{henshaw94,
   author    = {W. D. Henshaw},
   title     = {A {F}ourth-{O}rder {A}ccurate {M}ethod for the {I}ncompressible {N}avier-{S}tokes {E}quations on {O}verlapping {G}rids},
   journal   = {J. Comput. Phys.},
   year      = {1994},
   volume    = {113},
   pages     = {13-25}
}
                                                                               
@ARTICLE{CGMG,                                                                 
   author = "W. D. Henshaw and G. Chesshire",                                  
   title = "Multigrid on Composite Meshes",                                    
   journal = SISSC,                                                            
   volume = 8,                                                                 
   number = 6,                                                                 
   pages = "914--923",                                                         
   year = 1987}                                                                
                                                                               
@techreport{CGMG3D,                                                            
   author = "W. D. Henshaw",                                                   
   title = "{CGMG}: A Multigrid Solver for Overlapping Grids in Two            
            and Three Space Dimensions",                                       
   institution = "IBM Research Division, Yorktown Heights, NY",                
   type = "IBM Research Report",                                               
   number = "RC ?????",                                                        
   year = 1992}                                                                
                                                                               
@ARTICLE{CGNS,
   author = "G. Chesshire and W. D. Henshaw",                                  
   title = "Composite Overlapping Meshes                                       
            for the Solution of Partial Differential Equations",               
   journal = "J. Comput. Phys.",     
   volume ="90",                                                               
   number = "1",                                                               
   pages = "1--64",                                                            
   year = 1990}                                                                
                                                                               
@techreport{CGSHOW,                                                            
   author = "W. D. Henshaw",                                                   
   title = "{CGSHOW}: A Program for Displaying Results from Overlapping        
            Grid Applications",                                                
   institution = "IBM Research Division, Yorktown Heights, NY",                
   type = "IBM Research Report",                                               
   number = "RC ?????",                                                        
   year = 1992}                                                                
                                                                               

@Book{Cohen,
  author = 	 {G. C. Cohen},
  title = 	 {Higher-Order Numerical Methods for Transient Wave Equations},
  publisher = 	 {Springer},
  year = 	 {2002}
}

@techreport{Overblown-ref,
   author = "W. D. Henshaw",               
   title = "{OverBlown}: A fluid flow solver for overlapping grids, reference guide",
   institution = "Lawrence Livermore National Laboratory",
   type = "Research Report",
   number = "UCRL-MA-134289",                                                        
   year = 1999}
                                                                               
@book{CTHBaker,
   author = "C. T. H. Baker",
   title = "The numerical treatment of integral equations",          
   publisher = "Clerendon Press, Oxford",                  
   year = 1977}
                                                            

@ARTICLE{Caffarelli1,                                                          
   author = "L. Caffarelli and R. Kohn and L. Nirenberg",                      
   title = "Partial Regularity of Suitable Weak Solutions of the               
            {Navier-Stokes} Equations",                                        
   journal = "Communications on Pure and Applied MAthematics",                 
   volume = "XXXV",                                               
   pages = "771--831",                                                         
   year = 1982}                                                                
                                                                               
@ARTICLE{Caffarelli2,                                                          
   author = "L. Caffarelli and R. Kohn and L. Nirenberg",                      
   title = "First Order Interpolation Inequalities with Weights",              
   journal = "Compositio Mathematica",                                         
   volume = 53,                                                                
   pages = "259--275",                                                         
   year = 1984}                                                                

		  
@inproceedings{Chalmesh,                                                        
   author = "J. F. Malmliden and N. A. Petersson",
   booktitle = "Proceedings of the 3:rd symposium on overset
                composite grid and solution technology",          
   title = "A demonstration of the 3--{D} overlapping grid code {CHALMESH}",
   publisher = "Los Alamos National Laboratory",                           
   year = 1996}                                                                

@Article{Olsson-Petersson-96,
  author = "F. Olsson and N. A. Petersson",
  title =  "Stability of interpolation on overlapping grids",
  journal = "Computers and Fluids",
  year =    1996,
  volume = 25,
  number = 6,
  pages = "583--605"
}

@Article{Ciment-72,
  author = {M. Ciment},
  title = {Stable matching of difference schemes},
  journal = {SIAM J. Numer. Anal.},
  year = {1972},
  volume = {9},
  pages = {695-701}
}

@TechReport{Chalmesh-users-guide,
  author = 	 {N. A. Petersson},
  title = 	 {User's guide to {C}halmesh version 1.0},
  institution =  {Hydromechanics division, Naval Arch. and Ocean Eng.,
		  Chalmers Univ. of Tech.},
  year = 	 1997,
  number =	 {CHA/NAV/R-97/0051},
  address =	 {412 96 Gothenburg, SWEDEN},
  note =	 "(also at http://www.na.chalmers.se/{$\tilde{\ }$}andersp/chalmesh/chalmesh.html)"}

@TechReport{ChalmeshAlgorithm,
   author = "N. Anders Petersson",
   title = "Hole-cutting for 3-{D} overlapping grids",
   institution = "Hydromechanics division, Naval Arch. and Ocean Eng.,
		  Chalmers University of Technology",                
   address =  {412 96 Gothenburg, SWEDEN},
   number = "CHA/NAV/R-97/0052",
   note = "(to appear in SIAM J. Sci. Comput.)",
   year = 1997}

@TechReport{Chan-Steger,
  author = 	 {W. H. Chan and J. L. Steger},
  title = 	 {A generalized scheme for three-dimensional
		  hyperbolic grid generation},
  institution =  {AIAA},
  year = 	 1991,
  number =	 {AIAA--91-1588-CP}
}

@book{Courant,
   author = "R. Courant and D. Hilbert",
   title = "Methods of Mathematical Physics, vol II",          
   publisher = "Interscience Publishers, New York",
   year = 1962}


@Book{Collatz,
  author =	 {L. Collatz},
  title = 	 {The numerical treatment of differential equations},
  publisher = 	 {Springer verlag},
  year = 	 1960,
  edition =	 {Third}
}

@ARTICLE{Craig,
   author = "W. Craig",
   title  = "An existence theory for water waves and the {Boussinesq}
             and {Korteweg--deVries} scaling limits",
   journal= "Comm. Part. Diff.",
   volume = "10",
   pages  = "787--1003",
   year   = "1985"}
                                                                               

@book{DBA,
  author    = "G. Dahlquist and {\AA}. Bjork",
  title     = "Numerical Methods",
  publisher = "Prentice Hall",
  year      = "1974"
}

@techreport{DSK,                                                              
   author = "G. Chesshire and W. D. Henshaw",                                  
   title = "The {DSK} Package, A Data Structure for Efficient Fortran          
   Array Storage, {Reference Guide for the {DSK} Package}",                    
   institution = "IBM Research Division, Yorktown Heights, NY",                
   type = "IBM Research Report",                                               
   number = "RC 14353",                                                        
   year = 1988}                                                                

@inproceedings{Dawson1,                                                        
   author = "C. W. Dawson",                                                   
   booktitle = "Proceedings of the Second International Conference on
                  Numerical Ship Hydrodynamics",          
   title = "A Practical Computer Method for Solving Ship Wave Problems.",
   publisher = "University of California, Berkely",                           
   pages = "30--38",
   year = 1977}                                                                


@ARTICLE{Doctors1,
   author = "L. J. Doctors and R. F. Beck",
   title = "Convergence Properties of the {N}eumann--{K}elvin Problem for a
              Submerged Body",
   journal = "J. Ship Res.",
   volume ="31",                                                               
   pages = "227--234",                                                       
   year = 1987}                                                                

@techreport{Dougherty,                                                         
   author = "F. C. Dougherty and {J-H} Kuan",                                  
   title = "Transonic Store Separation Using a Three-Dimensional               
            {Chimera} Grid Scheme",                                            
   institution = "AIAA",                                                       
   type = "paper",                                                             
   number = "89-0637",                                                         
   year = 1989}                                                                
                                                                               

@Article{DriscollFornberg,
  author = 	 {Tobin A. Driscoll and Bengt Fornberg},
  title = 	 {Block pseudo-spectral methods for {M}axwell's equations {II}: Two-dimensional, 
                  discontinuous-coefficient case},
  journal = 	 {SIAM J. Sci. Comput.},
  volume =       {21},
  year = 	 1999,
  pages =	 {1146-1167},
}

@ARTICLE{Eatock1,
   author = "R. Eatock and J. Zietsman",
   title = "A Comparison of Localized Finite Element Formulations for
              Two-Dimensional Wave Diffraction and Radiation Problems",
   journal = "Int. J. Num. Meth. Eng.",
   volume ="17",
   pages = "1355--1384",
   year = 1981}

@inproceedings{Eberhardt1,        
   author = "S. Eberhardt, D.  Baganoff",
   booktitle = "Proceedings of the 7th Computational Fluid Dynamics 
                Conference, Cincinnati ", 
   title = "Overset Grids in Compressible Flow ",                       
   pages = "332--339 ",       
   year = 1985}              

@techreport{Eisenstat,
   author = "S. Eisenstat and M. Gursky and M. H. Schultz and A. H. Sherman",
   title = "The {Y}ale Matrix Package {II}: {T}he Non--Symmetric Case",
   institution = "Dept. of Computer Science, Yale University",
   type = "Report",                                               
   number = "114",
   year = 1977}
                                                                               

@Article{Emm-Korn-87,
  author = 	 {H. Emmerich and M. Korn},
  title = 	 {Incorporation of attenuation into time-dependent computations of seismic wave fields},
  journal = 	 {Geophysics},
  year = 	 {1987},
  volume = 	 {52},
  number = 	 {9},
  pages = 	 {1252-1264}
}

@Techreport{Excmpgrd,
   author = "D. L. Brown and G. Chesshire and W. D. Henshaw",                  
   title = "An explanation of the {CMPGRD} Composite Grid Data Structure ",      
   institution = "IBM Research Division, Yorktown Heights, NY",                
   type = "IBM Research Report",                                               
   number = "RC 14354",                                                   
   year = 1990}                                                                

@ARTICLE{Farell1,
   author = "C. Farell",
   title = "On the Wave Resistance of a Submerged Spheroid",
   journal = "J. Ship Research",
   volume ="17",
   number = "1",
   pages = "1--11",
   year = 1973}

@book{Farin,                                                                   
   author = "G. Farin",                                                        
   title = "Curves and Surfaces for Computer Aided Geometric Design",          
   publisher = "Academic Press",                                               
   year = 1988}            

@ARTICLE{Ferzig, 
   author = "M. Hinatsu, and J. H. Ferziger  ",
   title = "Numerical Computation of Unsteady Incompressible Flow in
             Complex Geometry using a Composite Multigrid Technique ", 
   journal = "Int. J. Numer. Methods Fluids",  
   volume = 13, 
   pages = "971--997 ",
   year = 1991 } 
                                                                               
@Article{Fornberg,
   author = "B. Fornberg",
   title  = "Pseudo--spectral method for the {N}avier--{S}tokes equations???",
   journal = "Somewhere",
   year = "1980???"}
                                                                               
@Article{Fogelson-Keener,
  author = 	 {A.L.Fogelson and J.P. Keener},
  title = 	 {Immersed interface methods for {N}eumann and related problems in two and three dimensions},
  journal = 	 {SIAM J. Sci. Comput.},
  year = 	 {2000},
  volume = 	 {22},
  pages = 	 {1630-1654}
}

@ARTICLE{Fuchs1,
   author = "L. Fuchs and H. S. Zhao",
   title = "Solution of Three-Dimensional Viscous Incompressible Flows
            by a Multi-Grid Method ", 
   journal = "Int. J. Numer. Methods Fluids",  
   volume = "4", 
   pages = "539--555 ",
   year = 1984 } 

@ARTICLE{Fuchs2,
   author = "L. Fuchs ",
   title = "Numerical flow simulation using zonal grids ",
   journal ="AIAA Journal" ,  
   volume ="851518" , 
   year = 1985 } 

@inproceedings{Fuchs3,
   author = "L. Fuchs",                                                     
   booktitle = "Computational Mechanics '86", 
   title = "Zonal Methods for the Solution of the Navier-Stokes
            Equations ",
   publisher = "Springer-Verlag Tokyo",    
   pages = "47--52",                                                         
   year = 1986}                                                                

@ARTICLE{Fuchs4,
   author = "L. Fuchs",                                                     
   title = "A Local Mesh Refinement Technique for Incompressible Flows", 
   journal = "Computers and Fluids",  
   volume = 14, 
   pages = "69-81 ",
   year = 1986 } 

@inproceedings{Fuchs5,
   author = "L. Fuchs ",
   booktitle = "Notes on Numerical Fluid Mechanics ",                       
   title = "Calculation of viscous flows in multiply-connected
            domains ",  
   editor = "W. Hackbusch ",                                   
   publisher = "Vieweg Verlag ",  
   pages = "96-103 ",       
   year = 1988}              

@inproceedings{Fuchs6,
   author = "L. Fuchs ",
   booktitle = "Note on Numerical Fluid Mechanics ",                       
   title = "Calculation of flow fields using overlapping
            grids ",
   editor = "P. Wesseling ",                                   
   publisher = "Vieweg Verlag ",                                              
   pages = "138--147 ",       
   year = 1990}              

@inproceedings{Fuchs7,                                     
   author = "L. Fuchs ",
   booktitle = "Note on Numerical Fluid Mechanics",     
   title = "Calculation of Viscous Incompressible Flows in
            Time-Dependent Domain  ",                       
   editor = "W. Hackbusch and R. Rannacher ",      
   publisher = "Vieweg Verlag ",                                              
   pages = "62--71 ",       
   year = 1990}              

@ARTICLE{GKSI,                                                                 
   author = "H.-O. Kreiss",                                                    
   title = "Stability Theory of Difference Approximations of                   
            Mixed Initial Boundary Value Problems. I",                         
   journal = "Mathematics of Computation",                                     
   volume = 22,                                                                
   pages = "703--714",                            
   year = 1968}                                                                


@Book{GolubOrtega,
  author = 	 {Gene H. Golub and James M. Ortega},
  title = 	 {Scientific Computing and Differential Equations},
  publisher = 	 {Academic Press, San Diego},
  year = 	 {1992},
}

@ARTICLE{GKSII,                                                                
   author = {B. Gustafsson and H.-O. Kreiss and A. Sundstr\"om},               
   title = "Stability Theory of Difference Approximations for                  
            Mixed Initial Boundary Value Problems. II",                        
   journal = "Mathematics of Computation",                                     
   volume = 26,                                                                
   number = 119,                                                               
   pages = "649--686",                                     
   year = 1972}                                                                
                                                                               
@inproceedings{GRBaker,
    author = "G. R. Baker",
    booktitle = "Waves on Fluid Interfaces",
    title  = "Generalized Vortex Methods for Free-Surface Flows",
    editor = "R. Meyer",
    publisher = "Univ. Wisc. Press", 
    pages = "53-81",
    year = 1983}

@ARTICLE{GRBaker2,
    author  = "G. R. Baker and D. W. Moore",
    title   = "The rise and distortion of a two--dimensional gas
               bubble in an inviscid liquid",
    journal = "Phys. Fluids",
    volume  = "A1",
    pages   = "1451-1459",
    year    = 1989}

@phdthesis{Geoffthesis,  
   author = "G. S. Chesshire",
   title = "Composite Grid Construction and Applications",
   school = "California Institute of Technology",
   year = 1986}                                                                
                                                                               
@Techreport{Getcmpgrd,
   author = "J. F. Malmliden",
   title = "An introductory guide to obtaining and installing the composite
            overlapping grid generator CMPGRD.",                 
   institution = "Department of Numerical Analysis and Computing Science,
                  Royal Institute of Technology",
   type = "TRITA-NA",
   number = "93-???",
   year = 1993}
                                                  

@Techreport{Getsmart,
   author = "D. L. Brown and G. Chesshire and W. D. Henshaw",                  
   title = "Getting Started with {CMPGRD}. {I}ntroductory User's                 
            Guide and Reference Manual",
   institution = "Los Alamos National Laboratory",                             
   type = "LA--UR",                                                            
   number = "90-3729",                                                   
   year = 1989}                                                                
                                                                               
@ARTICLE{Giesing1,
   author = "J. P. Giesing and A. M. O. Smith",
   title = "Potential Flow About Two-Dimensional Hydrofoils",
   journal = "J. Fluid Mechanics",
   volume ="28",                                                               
   number = "1",                                                               
   pages = "113--129",                                         
   year = 1967}                                                                
                                                                               

@BOOK{Gilbarg,                                                                 
   author = "D. Gilbarg and N. S. Trudinger",                                   
   title = "Elliptic Partial Differential Equations of Second Order",          
   publisher = "Springer Verlag",                                              
   year = 1983}                                                                
                                                                               
                                                                               
@Article{Gra-96,
  author = 	 {R.W. Graves},
  title = 	 {Simulating seismic-wave propagation in 3-{D} elastic media using staggered-grid finite differences},
  journal = 	 {Bull. Seismo. Soc. Amer.},
  year = 	 {1996},
  volume = 	 {86},
  number = 	 {4},
  pages = 	 {1091-1106}
}

@ARTICLE{Greengard-Roklin,
   author = "L. Greengard and V. Roklin",
   title = "A fast algorithm for pARTICLE summations",
   journal = "J. Comput. Phys.",
   volume = 105,
   pages = "267",
   year = 1987}                                                                
                                                                               
@ARTICLE{Gresho87,                                                             
   author = "P. M. Gresho and R. L. Sani",                             
   title = "On the Pressure Boundary Conditions for the                        
            Incompressible {Navier-Stokes} Equations",                         
   journal = "Internat. J. Numer. Meth. Fluids",          
   volume = 7,                                                                 
   pages = "1111--1145",                                              
   year = 1987}                                                                
                                                                               
@inproceedings{Gu1,   
   author = "C. Y. Gu and L. Fuchs",
   booktitle = "Numerical Methods in Laminar and Turbulent Flows-VI  ",      
   title = "A non-isotropic interpolation scheme applied 
            to zonal-grid calculation of transonic flows ",
   editor = "C. Taylor",
   publisher = "Pineridge Press ",                                    
   pages = "975--989 ",       
   year = 1986}              

@book{Gustafsson-Kreiss-Oliger,
   author = "B. Gustafsson and H.--O. Kreiss and J. Oliger",
   title = "Time dependent problems and difference methods",
   publisher = "Wiley--Interscience",
   year = "1995"}
                                                                               
@ARTICLE{Gustafsson75,                                                         
   author = "B. Gustafsson",                                                   
   title = "The Convergence Rate for Difference Approximations to              
            Mixed Initial Boundary Value Problems",                            
   journal = "Math. Comput.",                                     
   volume = 29,                                                                
   number = 130,                                                               
   pages = "396--406",
   year = 1975}                                                                
                                                                               
@phdthesis{Guthesis,  
   author = "C. Y. Gu ",
   title = "Development of Numerical Methods for Transonic Flows
            Past Airfoils ",
   school = "Royal Institute of Technology, Stockholm. ",
   year = 1987}                                                                


@techreport{HDF-manual,
		  author = "M. Folk and L. Kalman and B. Whitehouse",
		  title  = "{HDF} Users Guide",
		  institution = "National Center for Supercomputing
		  Applications, University of Illinois at Urbana-Champaign",
		  year   = 1995}
		  
@ARTICLE{HKR1,                                                                 
   author = "W.D. Henshaw and H.O. Kreiss and L.G. Reyna",                     
   title  = "On the smallest scale                                             
             for the incompressible {Navier-Stokes} equations",                
   journal = "Theoretical and Computational Fluid Dynamics",                   
   volume = 1,                                                                 
   year = 1989,                                                                
   pages = "1--32"}                                                            
                                                                               
@ARTICLE{HKR2,                                                                 
   author = "W.D. Henshaw and H.O. Kreiss and L.G. Reyna",                     
   title  = "Smallest scale estimates for the incompressible                   
             {Navier-Stokes} equations",                                       
   journal = "Arch. Rational Mech. Anal.",                                     
   volume = 112,                                                               
   year = 1990,                                                                
   pages = "21--44"}                                                           
                                                                               
@book{Hackbusch1,
   author = "W. Hackbusch ",
   title = "Multi-grid Methods and Application ",          
   publisher = "Springer Verlag, New York ",                  
   year = 1985}

@book{Havelock,
   author = "T. H. Havelock",
   title = "The Collected papers of Sir T. H. Havelock on
              Hydrodynamics. The Wave Resistance of a Spheroid",
   publisher = "ONR",
   pages = "312--322",
   year = 1963}

@phdthesis{Henshaw,                                                            
   author = "W. D. Henshaw",                                                   
   title = "Part II: Composite Overlapping Grid Techniques",                   
   school = "Department of Applied Mathematics,
             California Institute of Technology",                              
   year = 1985}                                                                
                                                                               
@Misc{Henshaw-priv-comm,
  author =	 {W. D. Henshaw},
  year =	 1998,
  note =	 {private communication}
}


@Article{Hesthaven,
  author = 	 {A. Ditkowski and K. Dridi and J. S. Hesthaven},
  title = 	 {Convergent {Cartesian} grid methods for {Maxwell}'s equations in complex geometries},
  journal = 	 {J. Comput. Phys.},
  year = 	 2001,
  volume =	 170,
  pages =	 {39-80}
}

@Article{Hesthaven-03,
  author = 	 {J.S. Hesthaven},
  title = 	 {High-order accurate methods in time-domain computational electromagnetics},
  journal = 	 {Advances in Imaging and Electron Physics},
  year = 	 {2003},
  volume = 	 {127},
  pages = 	 {59-123}
}

@ARTICLE{Hopf,                                                                 
   author = "E. Hopf",                                                         
   title  = {Uber die Anfangsweraufgabe f\"ur die hydrodynamischen             
            Grundgleichungen},                                                 
   journal = "Math. Nachrichten",                                              
   volume = 4,                                                                 
   year = 1951,                                                                
   pages = "213--251"}                                                         
                                                                               
@Article{Hou,
   author  = "T. Y. Hou, J. Lowengrub, R. Krasny",
   title   = "Convergence of a point vortex method for vortex sheets",
   journal = " SIAM J. Numer. Anal.",
   volume  = 28,
   pages   = "308--320",
   year    = 1991}

@Article{Ilan_Loewenthal_1976,
  author = 	 {A. Ilan and D. Loewenthal},
  title = 	 {Instability of finite difference schemes due to boundary conditions in
  elastic media},
  journal = 	 {Geophysical Prospecting},
  year = 	 {1976},
  volume = 	 {24}
}

@Article{Ilan_1978,
  author = 	 {A. Ilan},
  title = 	 {Stability of finite difference schemes for the problem of elastic
  wave propagation in a quarter plane},
  journal = 	 {Journal of Computational
  Physics},
  year = 	 {1978},
  volume = 	 {29}
}

@Article{Vidale_Clayton_1986,
  author = 	 {J. E. Vidale and R. W. Clayton},
  title = 	 {A stable free-surface boundary condition for two-dimensional elastic
  finite-difference wave simulation},
  journal = 	 {Geophysics},
  year = 	 {1986},
  volume = 	 {51}
}

@ARTICLE{Issa,
   author = "R. I. Issa",
   title = "Solution of the implicitly discretized fluid flow
		  equations by operator splitting",
   journal = "J. Comput. Phys.",
   volume ="62",
   pages = "40--65",
   year = 1985}

@inbook{Jameson83,                                                             
   author = "A. Jameson",                                                      
   title = "Numerical Methods in Fluid Dynamics",                              
   chapter = "Transonic Flow Calculations for Aircraft",                       
   volume = 1127,                                                              
   pages = "156--242",                                                         
   publisher = "Springer-Verlag",                                              
   series = "Lecture Notes in Mathematics",                                    
   year = 1983}                                                                
                                                                               
@ARTICLE{Jensen1,
   author = "P. S. Jensen",
   title = "On the Numerical Radiation Condition in the Steady State
              Ship Wave problem",
   journal = "J. Ship Res.",
   volume ="31",
   pages = "14--22",
   year = 1987}

		  
@Article{JohansenColella,
  author = 	 {H. Johansen and P. Colella},
  title = 	 {A {C}artesian grid embedded boundary method for {P}oisson's equation on irregular domains},
  journal = 	 {J. Comput. Phys.},
  year = 	 1998,
  volume =	 147,
  pages =	 {60-85}
}

@ARTICLE{KomTro-99,
          AUTHOR = "D. Komatitsch and J. Tromp",
          TITLE  = "Introduction to the spectral element method for three-dimensional seismic wave propagation",
         JOURNAL = "Geophys. J. Int.",
         VOLUME  = 139,
         YEAR    = 1999,
         PAGES   = "806--822"}

@ARTICLE{LiuArc-06,
          AUTHOR = "P. Liu and R. J. Archuleta",
          TITLE  = "Efficient Modeling of {Q} for 3{D} numerical simulation of wave propagation",
         JOURNAL = "Bull. Seismo Soc. Amer.",
         VOLUME  = 96,
         YEAR    = 2006,
         PAGES   = "1352--1358"}

@Article{Komat-etal-04,
  author = 	 {D. Komatitsch and Q. Liu and J. Tromp and P. S{\"u}ss and C. Stidham and J. H. Shaw},
  title = 	 {Simulations of ground motion in the {L}os {A}ngeles basin based upon the spectral-element method},
  journal = 	 {Bull. Seismo. Soc. Amer.},
  year = 	 {2004},
  volume = 	 {94},
  number = 	 {1},
  pages = 	 {187-206}
}

@Article{KomatitschTromp_2003,
  author = 	 {D. Komatitsch and J. Tromp},
  title = 	 {A perfectly matched layer absorbing boundary condition for the second-order seismic wave equation},
  journal = 	 {Geophys J. Int.},
  year = 	 {2003},
  volume = 	 {154},
  pages = 	 {146-153}
}

@article{LomPirGelVir07,
author = {B. Lombard and J. Piraux and C. Gelis and J. Virieux},
title = {Free and smooth boundaries in 2-D finite-difference schemes for transient elastic waves},
journal = {Geophys. J. Int.},
volume = {172},
pages = {252-261},
year = {2008},
}

@InProceedings{colella-2001,
  author = 	 {P. Colella},
  title = 	 {Volume-of-fluid methods for partial differential equations},
  booktitle = 	 {Godunov Methods: Theory and Applications},
  pages = 	 {161--177},
  year = 	 {2001},
  editor = 	 {E. F. Toro},
  publisher = {Kluwer academic/plenum publishers, New York},
}


@Article{Day-Bradley-01,
  author = 	 {S. M. Day and C. Bradley},
  title = 	 {Memory-efficient simulation of anelastic wave propagation},
  journal = 	 {Bull. Seism. Soc. Am.},
  year = 	 {2001},
  volume = 	 {91},
  pages = 	 {520--531}
}


@Article{Graves-Day-03,
  author = 	 {R. W. Graves and S. M. Day},
  title = 	 {Stability and accuracy analysis of coarse-grain viscoelastic simulations},
  journal = 	 {Bull. Seismo Soc. Amer.},
  year = 	 {2003},
  volume = 	 {93},
  number = 	 {1},
  pages = 	 {283-300}
}

@article{Kao,
  author =	 "Kai-Hsiung Kao and Meng-Sing Liou",
  title =	 "Advance in Overset Grid Schemes: From {C}himera to
                  {DRAGON} Grids",
  journal =	 "AIAA Journal",
  volume =	 "33",
  pages =	 "1809--1815",
  year =	 1995
}

                  
@Article{Higdon-90,
  author = 	 {R. L. Higdon},
  title = 	 {Radiation boundary conditions for elastic wave propagation},
  journal = 	 {SIAM J. Numer. Anal.},
  year = 	 {1990},
  volume = 	 {27},
  pages = 	 {831-870}
}

@ARTICLE{Karniadakis,
  author =	 "G. E. Karniadakis and M. Israeli and S. A. Orszag",
  title =	 "High-Order Splitting Methods for the Incompressible
                  {Navier-Stokes} Equations",
  journal =	 JCP,
  volume =	 "97",
  pages =	 "414--443",
  year =	 1991
}

@inproceedings{Kim-Lucas,
  author =	 "Y. H. Kim and T. R. Lucas",
  booktitle =	 "Proceedings of the 18'th Symposium on Naval
                  Hydrodynamics",
  year =	 1990
}

@Article{Kim85,
  author =	 {J. Kim and P. Moin},
  title =	 {Application of a fractional-step method to
                  incompressible {N}avier--{S}tokes equations},
  journal =	 JCP,
  year =	 {1985},
  volume =	 {59},
  pages =	 {308-323}
}

@Article{Rogers91,
  author =	 {S.E. Rogers and D. Kwak and C.Kiris},
  title =	 {Steady and Unsteady Solutions of the Incompressible
                  Navier--Stokes Equations},
  journal =	 {AIAA Journal},
  year =	 {1991},
  volume =	 {29},
  pages =	 {603-610}
}

@ARTICLE{Kiris92,
  author =	 "C. Kiris and S. Rogers and D. Kwak and I.D. Chang",
  title =	 "Computation of Incompressible Viscous Flow Through
                  Artificial Heart Devices with Moving Boundaries",
  journal =	 "ASME J. of Biofluidmechanical Engineering",
  volume =	 "to appear",
  year =	 1992
}

@ARTICLE{KorczakPatera,
  author =	 "K. Z. Korczak and A. T. Patera",
  title =	 "An Isoparametric Spectral Element Method for
                  Solution of the {Navier-Stokes} Equations in Complex
                  Geometry",
  journal =	 JCP,
  volume =	 "62",
  pages =	 "361--382",
  year =	 1986
}

@Article{Krasny,
  author =	 "R. Krasny",
  title =	 "A Study of Singularity Formation in a Vortex Sheet
                  by the Point-Vortex Approximation",
  journal =	 "J.\ Fluid Mech.",
  volume =	 167,
  pages =	 "65--93",
  year =	 1986
}

@book{KreissLorenz,
  author =	 "H.-O. Kreiss and J. Lorenz",
  title =	 "Initial-Boundary Value Problems and the
                  {Navier-Stokes} Equations",
  publisher =	 "Academic Press",
  year =	 1989
}



@InProceedings{Kreiss-Scherer-74,
  author = 	 {H.-O. Kreiss and G. Scherer},
  title = 	 {Finite element and finite difference methods for hyperbolic partial differential equations},
  booktitle = {Mathematical aspects of Finite Elements in Partial differential equations},
  year = 	 {1974},
  publisher = {Academic Press}
}

@article{kreiss-petersson-ystrom-01,
  author = 	 {H.-O. Kreiss and N. A. Petersson and J. Ystr\"om},
  title = 	 {Difference approximations for the second order wave equation},
  journal= {SIAM J. Numer. Anal.},
  volume = 40,
  pages = {1940--1967},
  year = 	 2002
}

@article{kreiss-petersson-ystrom-03,
  author = 	 {H.-O. Kreiss and N. A. Petersson and J. Ystr\"om},
  title = 	 {Difference approximations of the {N}eumann problem for the second order wave equation},
  journal= {SIAM J. Numer. Anal.},
  volume = 42,
  pages = {1292--1323},
  year = 	 2004
}



@Article{PetSjo-10,
  author = 	 {N. A. Petersson and B. Sj\"ogreen},
  title = 	 {Stable grid refinement and singular source discretization for seismic wave simulations},
  journal = 	 {Comm. Comput. Phys.},
  year = 	 {2010},
  volume = 	 {8},
  number = 	 {5},
  pages = 	 {1074-1110},
  month = 	 {November}
}

@article{PetSjo-10b,
  author = 	 {N. A. Petersson and B. Sj\"ogreen},
  title = 	 {Stable and efficient modeling of anelastic attenuation in seismic wave propagation},
  journal = 	 {Comm. Comput. Phys.},
  year = 	 {2012},
  volume = 	 {12},
  number = 	 {1},
  pages = 	 {193-225}
}

@article{SjoPet-12,
  author = 	 {B. Sj\"ogreen and N. A. Petersson},
  title = 	 {A fourth order accurate finite difference scheme for the elastic wave equation in second order formulation},
  year = 	 {2012},
  journal = 	 {J. Sci. Comput.},
  volume = 	 {52},
  pages = 	 {17-48},
  note =         {DOI 10.1007/s10915-011-9531-1}
}

@article{PetSjo-14,
  author = 	 {N. A. Petersson and B. Sj\"ogreen},
  title = 	 {Super-grid modeling of the elastic wave equation in semi-bounded domains},
  journal = 	 {Comm. Comput. Phys.},
  year = 	 {2014},
  volume = 	 {16},
  pages = 	 {913-955}
}

@Article{PetSjo-14b,
  author ={N. A. Petersson and B. Sj\"ogreen},
  title ={Wave propagation in anisotropic elastic materials and curvilinear coordinates using a summation-by-parts finite difference method},
  journal ={J. Comput. Phys.},
  year ={2015},
  volume ={299},
  pages ={820-841}
}

@article{RodPetSjo-10,
  author = 	 {A. Rodgers and N. A. Petersson and B. Sj\"ogreen},
  title = 	 {Simulation of topographic effects on seismic waves from shallow explosions near the {N}orth {K}orean nuclear test site with emphasis on shear wave generation},
  journal = 	 {J. Geophys. Res. Sol. Earth},
  year = 	 {2010},
  volume = 	 {115},
  pages = 	 {B11309}
}

@article{kreiss-petersson-04,
  author = 	 {H.-O. Kreiss and N. A. Petersson},
  title = 	 {A second order accurate embedded boundary method for the wave equation with {D}irichlet data},
  journal= {SIAM J. Sci. Comput.},
  volume = 27,
  pages = {1141--1167},
  year =         2006
}

@article{kreiss-petersson-05,
  author = 	 {H.-O. Kreiss and N. A. Petersson},
  title = 	 {An embedded boundary method for the wave equation with discontinuous coefficients},
  journal= {SIAM J. Sci. Comput.},
  volume = 28,
  pages = {2054--2074},
  year =         2006
}

@article{Kreiss-Ortiz-Petersson,
  author = 	 {H.-O. Kreiss and O.E. Ortiz and N.A. Petersson},
  title = 	 {Initial-boundary value problems for second order systems of partial differential equations}, 
  journal = 	 {Math. Model. Numer. Anal.},
  institution =  {Lawrence Livermore National Laboratory},
  volume =       {46},
  number = 	 {3},
  pages =        {559-593},
  year = 	 {2012}
}


@article{KrePet-12,
  author = 	 {H.-O. Kreiss and N.A. Petersson},
  title = 	 {Boundary estimates for the elastic wave equation in almost incompressible materials},
  year = 	 {2012},
  volume =       {50},
  pages =        {1556-1580},
  journal = 	 {SIAM J. Numer. Anal.}
}

@InProceedings{Lev-87,
  author = 	 {A.R. Levander},
  title = 	 {Fourth-order velocity-stress finite difference scheme},
  booktitle = {Proceedings of the 57th society of exploration geophysicists annual international meeting and exposition},
  pages = 	 {531-535},
  year = 	 {1987},
  address = 	 {New Orleans, LA}
}

@Article{Lev-88,
  author = 	 {A.R. Levander},
  title = 	 {Fourth-order finitie-difference {P}-{SV} seismograms},
  journal = 	 {Geophysics},
  year = 	 {1988},
  volume = 	 {53},
  number = 	 {11},
  pages = 	 {1425-1436}
}

@ARTICLE{ Liu-Archuleta-2006, 
       AUTHOR = "P. Liu and R. J. Archuleta",
       TITLE = "Efficient Modeling of {$Q$} for 3{D} Numerical Simulation of Wave Propagation",
       JOURNAL = "Bull. Seism. Soc. Am.",
       VOLUME = 96,
       YEAR = 2006,
       PAGES = "1352--1358"
}

@Article{Liu-And-Kan-76,
  author = 	 {H.-P. Liu and D.L. Anderson and H. Kanamori},
  title = 	 {Velocity dispersion due to anelasticity; implications for seismology and mantle composition},
  journal = 	 {Geophys. J. R. Astr. Soc.},
  year = 	 {1976},
  volume = 	 {47},
  pages = 	 {41-58}
}


@Article{Horgan-95,
  author = 	 {C.O. Horgan},
  title = 	 {Korn's inequalities and their applications in continuum mechanics},
  journal = 	 {SIAM Rev.},
  year = 	 {1995},
  volume = 	 {37},
  pages = 	 {491-511}
}


@InProceedings{Bielak-10,
  author = 	 {J. Bielak and H. Karaoglu and R. Taborda},
  title = 	 {Efficient simulation of anelastic wave propagation by the octree-based finite element method - an improved approach},
  booktitle = {Seismo. Res. Lett.},
  pages = 	 {321},
  year = 	 {2010},
  volume = 	 {81:2},
  organization = {Seismological Society of America}
}

@TechReport{Day-2001,
  author = 	 {S. M. Day and J. Bielak and D. Dreger and S. Larsen and R. Graves and A. Pitarka and K. B. Olsen},
  title = 	 {Test of 3{D} elastodynamic codes: {L}ifelines Project Task 1{A}01},
  institution =  {Pacific Earthquake Engineering Center},
  year = 	 {2001}
}

@TechReport{Day-2003,
  author = 	 {S. M. Day and J. Bielak and D. Dreger and S. Larsen and R. Graves and A. Pitarka and K. B. Olsen},
  title = 	 {Test of 3{D} elastodynamic codes: {L}ifelines Program Task 1{A}02},
  institution =  {Pacific Earthquake Engineering Center},
  year = 	 {2003}
}

@article{AagaardAndManyMore-08,
  author = 	 {B. Aagaard and T. Brocher and D. Dreger and A. Frankel and R. Graves and S. Harmsen and S. Larsen and K. McCandless and S. Nilsson and N. A. Petersson and A. Rodgers and B. Sjogreen and M. L. Zoback},
  title = 	 {Ground motion modeling of the 1906 {S}an {F}rancisco earthquake {II}: {G}round motion estimates for the 1906 earthquake and scenario events},
  institution =  {Lawrence Livermore National Laboratory},
  year = 	 {2008},
  journal = 	 {Bull. Seism. Soc. Amer.},
  volume =       {98},
  pages =        {1012-1046}
}

@article{RodPetNilSjoMcc-08,
  author = 	 {A. Rodgers and N. A. Petersson and S. Nilsson and B. Sjogreen and K. McCandless},
  title = 	 {Broadband waveform modeling of moderate earthquakes in the {S}an {F}rancisco bay area and preliminary assesment of the {USGS} 3{D} seismic velocity model},
  year = 	 {2008},
  journal = 	 {Bull. Seism. Soc. Amer.},
  volume =       {98},
  pages =        {969-988}
}


@article{Aagard-Hayward-Sim-10,
  author = 	 {B. T. Aagard and R. Graves and A. Rodgers and T. M. Brocher and R. W. Simpson and D. Dreger and N. A. Petersson and S. C. Larsen and S. Ma and R. C. Jachens},
  title = 	 {Ground motion modeling of {H}ayward fault scenario earthquakes, part {II}: {S}imulation of long-period and broadband ground motions},
  year = 	 {2010},
  journal = 	 {Bull. Seism. Soc. Amer.},
  volume = {100},
  number = {6},
  pages = {2945-2977}
}
                  
@Article{DayMin-84,
  author = 	 {S. M. Day and J. B. Minister},
  title = 	 {Numerical simulation of attenuated wavefields using a {P}ad\'e approximant method},
  journal = 	 {Geophys. J. R. Astr. Soc.},
  year = 	 {1984},
  volume = 	 {78},
  pages = 	 {105-118}
}

@Article{Sav-Kom-Tromp-10,
  author = 	 {B. Savage and D. Komatitsch and J. Tromp},
  title = 	 {Effects of {3D} attenuation on seismic wave amplitude and phase measurments},
  journal = 	 {Bull. Seismo. Soc. Amer.},
  year = 	 {2010},
  volume = 	 {100},
  number = 	 {3},
  pages = 	 {1241-1251}
}

@InProceedings{Petersson-SSA-06,
  author = 	 {N. A. Petersson and A. Rodgers and M. Duchaineau and S. Nilsson and B. Sj\"ogreen and K. McCandless},
  title = 	 {Large scale seismic modeling and visualization of the 1906 {S}an {F}rancisco earthquake},
  year = 	 {2006},
  month = 	 {April},
  organization = {100th Anniversary Earthquake Conference, Seismological Society of America},
  note = 	 {Also available as Lawrence Livermore National Laboratory report UCRL-ABS-218213},
}

@article{sjogreen-petersson-05,
  author = 	 {B. Sj\"ogreen and N. A. Petersson},
  title = 	 {Perfectly matched layers for {M}axwell's equations in second order formulation},
  journal=       {J. Comput. Phys.},
  volume=        209,
  pages=         {19--46},
  year =         2005
}

@article{PetSjo-09,
  author = 	 {N. A. Petersson and B. Sj\"ogreen },
  title = 	 {An energy absorbing far-field boundary condition for the elastic wave equation},
  journal=       {Comm. Comput. Phys.},
  volume=        6,
  pages=         {483-508},
  year =         2009
}


@article{NilPetSjoKre-07,
  author = 	 {S. Nilsson and N. A. Petersson and B. Sj\"ogreen and H.-O. Kreiss},
  title = 	 {Stable difference approximations for the elastic wave equation in second order formulation},
  journal=       {SIAM J. Numer. Anal.},
  volume =       {45},
  pages =        {1902--1936},
  year = 	 {2007}
}



@article{AppPet-07,
  author = 	 {D. Appel\"o and N. A. Petersson},
  title = 	 {A stable finite difference method for the elastic wave equation on complex geometries with free surfaces},
  journal=       {Comm. Comput. Phys.},
  volume=        {5},
  pages=         {84-107},
  year = 	 {2009}
}

@Article{Li-Ito,
  author = 	 {Z. Li and K. Ito},
  title = 	 {Maximum principle preserving schemes for interface problems with discontinuous coefficients},
  journal = 	 {SIAM J. Sci. Comput.},
  year = 	 {2001},
  volume = 	 {23},
  pages = 	 {339-361}
}

@techreport{nilsson-petersson-sjogreen-kreiss-06,
  author = 	 {S. Nilsson and N. A. Petersson and B. Sj\"ogreen and H.-O. Kreiss},
  title = 	 {Accurate and stable finite difference approximations of the elastodynamic equations in second order formulation},
  institution =  {Lawrence Livermore National Lab},
  type =         {UCRL-JRNL},
  number =       {218514},
  note=          {(submitted to J. Comput. Phys.)},
  year =         2006
}

@techreport{KreissPetersson,
   author = "N. A. Petersson and H.--O. Kreiss",
   title = "Well--Posedness of 2--{D} Free Surface Flows Subject to
            Gravity or Surface Tension",
   institution = "Los Alamos National Laboratory, NM",
   type = "{LA--UR}",
   number = "94-2978",
   year = 1994}

                                                                               
@ARTICLE{Kreiss_Oliger,
  author = "Heinz--Otto Kreiss and Joseph Oliger",
  title =  "Stability of the {F}ourier Method",
  journal ="SIAM J. Numer. Anal.",
  year =   1979,
  volume = 16,
  number = 3,
  pages =  "421--433"
}



@TechReport{Kreiss-Oliger-1973-GARP-report,
  author = 	 {H.-O. Kreiss and J. Oliger},
  title = 	 {Methods for the Approximate Solution of Time Dependent Problems},
  institution =  {World Meteorological Organization},
  year = 	 {1973},
  address = 	 {Case Postale No.~1, CH-1211 Geneva 20, Switzerland}
}


@Article{Kreiss-Wu-93,
  author = 	 {H.-O. Kreiss and L. Wu},
  title = 	 {On the stability definition of difference approximations for the initial boundary value problem},
  journal = 	 {Appl. Num. Math.},
  year = 	 {1993},
  volume = 	 {12},
  pages = 	 {213-227}
}


@Article{Kreiss1970,
  author = 	 {H.-O. Kreiss},
  title = 	 {Initial boundary value problems for hyperbolic systems},
  journal = 	 {Commun. Pur. Appl. Math.},
  year = 	 {1970},
  volume = 	 {23},
  pages = 	 {277-298}
}


@Article{Kreiss-1972,
  author = 	 {H.-O. Kreiss},
  title = 	 {Difference approximations for boundary and eigenvalue problems for ordinary differential equations},
  journal = 	 {Math. Comput.},
  year = 	 {1972},
  volume = 	 {26}
}

@book{LINPACK,                                                                 
   author = "J. J. Dongarra and C. B. Moler and J. R. Bunch                    
   and G. W. Stewart",                                                         
   title = "LINPACK Users' Guide",                                             
   publisher = "SIAM Publications",                                            
   address = "Philadelphia",                                                   
   year = 1978}                                                                
                                                                               
@ARTICLE{LW,                                                                   
   author = "P. Lax and B. Wendroff",                                          
   title = "Systems of Conservation Laws",                                     
   journal = "Comm. Pure and Appl. Math",                                      
   volume = 13,                                                                
   pages = "217--237",                                                         
   year = 1960}                                                                
                                                                              
@ARTICLE{Lenoir1,
   author = "J. Cahouet and M. Lenoir",
   title = "R{\'e}solution num{\'e}rique du probl{\`e}me non lin{\'e}aire de la
            r{\'e}sistance de vagues bidimensionelle",
   journal = "C. R. Acad. Sc. Paris II",
   volume = 297,
   pages = "819--822",                                                         
   year = 1983}
                                                                              
@ARTICLE{Lenoir2,
   author = "M. Lenoir and A. Tounsi",
   title = "The localized finite element method and its application to
            the two-dimensional sea-keeping problem",
   journal = "SIAM J. Numer. Anal.",
   volume = 25,
   pages = "729--752",                                                         
   year = 1988}
                                                                              
@ARTICLE{Leray,                                                                
   author= "J. Leray",                                                         
   title = "Sur le mouvement d'un liquide  visquex emplissant l'espace",       
   journal = "Acta Math.",                                                     
   volume = 63,                                                                
   pages = "193--248",                                                         
   year =  1934}                                                               
                                                                               
@techreport{Lindemuth-Ratcliffe-Reed,
   author = "W. Lindemuth and T. J. Ratcliffe and A. M. Reed",
   institution = "David W. Taylor Naval Ship Research {\&} Development Center",
   type = "SHD",
   number = "1260-1",
   year = 1988}

@techreport{Malm1,                                                                
   author = "J. F. Malmliden",                                          
   title = "An efficient numerical method for 3-{D} flow around a
            submerged body",                                      
   institution = "Department of Numerical Analysis and Computing Science,
                  Royal Institute of Technology",                
   type = "{TRITA--NA}",
   number = "9306",
   year = 1993,
   note= "{Submitted to Math. Comp.}"}

@Article{LiGreengard,
  author = 	 {Jing-Rebecca Li and Leslie Greengard},
  title = 	 {High order marching schemes for the wave equation in complex geometry},
  journal = 	 {J. Comput. Phys.},
  year = 	 {2004},
  volume = 	 {198},
  pages = 	 {295-309}
}

@article{Malmpeter,
   author = "J. F. Malmliden and N. A. Petersson",
   title = "A fast iterative method to compute the flow around a
             submerged body",
   journal = "Math. Comput.",                                                     
   volume = 65,                                                                
   pages = "1067--1083",                                                         
   year = 1996}

@ARTICLE{Meakin,
   author = "R. L. Meakin",
   title = "A new method for establishing intergrid communication
            among systems of overset grids",
   journal = "AIAA",
   volume = "91--1586--CP",
   year = 1991}

@ARTICLE{Mei1,
   author = "C. C. Mei and H. S. Chen",
   title = "A Hybrid Element Method for Steady Linearized Free-Surface Flows",
   journal = "Int. J. Numer. Meth. Eng.",
   volume ="10",
   pages = "1153--1175",
   year = 1976}


@Article{Mie1908,
  author = 	 {G. Mie},
  title = 	 {Beitr\"age zur Optik tr\"uber Medien, speziell kolloidaler Metall\"osungen},
  journal = 	 {Annalen der Physik},
  year = 	 {1908},
  volume = 	 {25},
  number = 	 {3},
  pages = 	 {377--445}
}

@ARTICLE{Milgram,
   author = "M. S. Milgram",
   title = "Does a point lie inside a polygon?",
   journal = "J. Comput. Phys.",
   volume = "84",
   pages = "134--144",
   year = 1989}


@Article{Lamb_1904,
  author = 	 {Horace Lamb},
  title = 	 {On the propagation of tremors over the surface of an elastic solid},
  journal = 	 {Phil. Trans. Roy. Soc. London, Ser. A},
  year = 	 {1904},
  volume = 	 {203}
}

@Article{Mooney_1974,
  author = 	 {Harold M. Mooney},
  title = 	 {Some numerical solutions for {L}amb's problem},
  journal = 	 {Bull. Seismo. Soc. Amer.},
  year = 	 {1974},
  volume = 	 {64}
}

@ARTICLE{Nakos-Sclavounos,
   author = "D. E. Nakos and P. D. Sclavounos",
   title = "On steady and unsteady ship wave patterns",
   journal = "J. Fluid Mech.",
   volume = 215,
   pages = "263--288",                                                          
   year = 1990}
                                                                               
@ARTICLE{Newman,
   author = "J. N. Newman",
   title = "Evaluation of the wave-resistance {G}reen function: {P}art
            2. {T}he single integral on the centerplane",
   journal = "J. Ship Res.",
   volume = 31,
   number = 3,
   pages = "145--150",
   year = 1987}
                                                                               

@techreport{Ogen,                                                             
   author = {W. D. Henshaw},
   title = "{O}gen: An overlapping grid generator for {O}verture", 
   institution = "Los Alamos National Laboratory",
   type = "LA-UR",
   number = "96-3466",                                                               
   year = 1996}                                                                
                                                                               
@ARTICLE{Orszag86,                                                             
   author = "Steven A. Orszag and Moshe Israeli and Michel O. Deville",        
   title = "Boundary Conditions for Incompressible Flows",                     
   journal = "Journal of Scientific Computing",                                
   volume = 1,                                                                 
   number = 1,                                                                 
   pages = "75--111",                                                          
   year = 1986}                                                                
                                                                               

		  
@Manual{Overture-primer,
  title = 	 {A primer for writing overlapping grid codes in C++},
  author = 	 {W. D. Henshaw},
  organization = {CIC-19, Los Alamos National Lab's},
  address =	 {Los Alamos, NM},
  year =	 1996,
  note =	 {(available from http://www.c3.lanl.gov/$\tilde{\ }$henshaw/homePage.html)} 
}

@ARTICLE{Parks,
   author = {S. J. Parks and P. G. Buning and J. L. Steger
		  and W. M. Chan},
   title = "Collar grids for intersecting geometric components within
            the {Chimera} overlapped grid scheme",
   journal = "AIAA",
   volume = "91--1587--{CP}",
   year = 1991}

@techreport{Part1,                                                             
   author = {E. P\"art-Enander and B. Sj\"ogreen},                             
   title = "Solving the {Euler} Equations for High {Mach} Numbers              
            on Overlapping Grids",                                             
   institution = "Department of Scientific Computing, Uppsala University",
   number = 114,                                                               
   year = 1988}                                                                
                                                                               
@techreport{Part2,                                                             
   author = {E. P\"art-Enander and B. Sj\"ogreen},                             
   title = "Shock Waves and Overlapping grids",                                
   institution = "Department of Scientific Computing, Uppsala University",
   number = 131,                                                               
   year = 1991}                                                                
                                                                               
@Article{Pedersen,
  author="Pedersen, P. O.",
  title={On the surface tension of liquids investigated by the method
         of jet vibration}, 
  journal={Trans. Roy. Soc., London},
  year={1907},
  volume={207},
  pages={342--397}}   



@Article{Pember,
  author = 	 {R. B. Pember and J. B. Bell and P. Collella and W. Y. Crutchfield and M. Welcome},
  title = 	 {An adaptive {Cartesian} grid method for unsteady compressible flow in irregular regions},
  journal = 	 {J. Comput. Phys.},
  year = 	 1995,
  volume =	 120,
  pages =	 278
}

@ARTICLE{Perng, 
   author = "C. Y. Perng and R. L. Street, ",
   title = "A coupled Multigrid-Domain-Splitting Technique for
            Simulating Incompressible Flows in Geometrically Complex
            Domains ", 
   journal = "Int. J. Numer. Methods",  
   volume = 13, 
   pages = "269--286 ",
   year = 1991 } 

@ARTICLE{Petermalm,                                                           
   author = "N. A. Petersson and J. F. Malmliden",
   title = "Computing the flow around a submerged body using composite grids",
   journal= "J. Comput. Phys.",
   volume = "105",                                                  
   pages = "47--57",                                                         
   year = 1993}                                                                

@ARTICLE{Petersson1,
   author = "N. A. Petersson",
   title = "A Numerical Method to Calculate the Two-Dimensional Flow
            Around an Underwater Obstacle",
   journal = "SIAM J. Numer. Anal.",
   volume  ="29",
   pages   ="20--31",
   year = 1992}


@phdthesis{Petersson2,
   author = "N. A. Petersson",
   title  = "Numerical Methods to Calculate the Linear and Nonlinear
             2--D Flow Around an Underwater Obstacle",
   school = "Department of Numerical Analysis and Computer Science,
                  Royal Institute of Technology",
   year   = 1990}

@ARTICLE{Petersson3,
   author = "N. A. Petersson",
   title = "Computing Gravity Waves on Water by using Moving
            Composite Overlapping Grids ",
   journal = "SIAM J.\ Sci.\ Comput.",
   pages  = "1339--1358",
   volume = "14",
   year = 1993}

@techreport{Petersson4,
   author = "N. A. Petersson",
   title = "Fast Numerical Computation of 2--{D} Free Surface Jet Flow
            with Surface Tension",
   journal = "J. Comput. Phys.",
   pages  = "409--426",
   volume = "128",
   year = 1996}

@techreport{Petersson5,
   author = "N. A. Petersson",
   title = "Fast Numerical Computation of an Oscillating Free Surface
            Jet by the Composite Grid method",
   institution = "Los Alamos National Laboratory, NM",
   note = "{In preparation}",
   year = 1993}

		  
@book{Preparata,
   author = {Franco P. Preparata and Michael Ian Shamos},
   title = {Computational Geometry},
   publisher = {Springer-Verlag},
   address = {New York},                                                       
   year = 1985}
                                                            
@ARTICLE{Pullin,
   author = "D. I. Pullin",
   title  = "Numerical studies of surface-tension effects in nonlinear
             {Kelvin-Helmholtz} and {Rayleigh-Taylor} instabilities",
   journal= "J. Fluid Mech.",
   pages  = "507--532",
   volume = 119,
   year   = 1982}


@ARTICLE{Rai1,
   author = "M. M. Rai ",
   title = "A Conservative Treatment of Zonal Boundaries for 
            Euler Equation Calculation ",
   journal = "J. Comput. Phys.",  
   volume = 62, 
   pages = "472--503 ",
   year = 1982 } 

@ARTICLE{Rai2,
   author = "M. M. Rai ",
   title = "A Relaxation Approach to Patched-Grid Calculations
            with the Euler Equations ",
   journal = "J. Comput. Phys.",  
   volume = 66, 
   pages = "99--131 ",
   year = 1986 } 
                                                                               
@techreport{Rai3,
   author = "M. M. Rai",
   title = "A Conservative Treatment of Zonal Boundaries for
            {Euler} Equation Calculations",
   institution = "AIAA",
   type = "paper",
   number = " A84-17923",
   year = 1987}
                                                                               
@Article{Rayleigh,
  author="Lord Rayleigh",
  title={On the capillary phenomena of jets},
  journal={Proc. Roy. Soc., London},
  year={1879},
  volume={29},
  pages={71--97}}  

@Article{Rayleigh1,
  author="Lord Rayleigh",
  title={On the tension of recently formed surfaces},
  journal={Proc.  Roy. Soc., London},
  volume={41},
  pages={281--287},
  year={1890}}  

@phdthesis{Reyna,                                                              
   author = "L. G. M. Reyna",                                                  
   title = "Part III. On Composite Meshes",                                    
   school = "Department of Applied Mathematics,                                     
             California Institute of Technology",                              
   year = 1982}                                                                

@Article{Roberts,
    author = "A. J. Roberts",
    title  = "A stable and accurate numerical method to calculate the
              motion of a sharp interface between fluids",
    journal= "IMA J. Appl. Math.",
    volume = 31,
    pages  = "13--35",
    year   = 1983}
                                                                               
                                                                               
@Article{Saad,
   author = "Y. Saad and M. H. Schultz",
   title  = "{GMRES}: A Generalized Minimal Residual Algorithm for
             Solving Nonsymmetric Linear Systems",
   journal= "SIAM J.\ Sci.\ Stat.\ Comput.",
   volume = 7,
   pages  = "856--869",
   year   = 1986}

@Book{Schlichting,
  author = 	 {H. Schlichting},
  title = 	 {Boundary layer theory},
  publisher = 	 {McGraw--Hill},
  year = 	 1979,
  edition =	 {7'th}
}


@Article{Schultz-97,
  author = 	 {C. A. Schultz},
  title = 	 {A density-tapering approach for modeling the seismic response of free-surface topography},
  journal = 	 {Geophys. Res. Lett.},
  year = 	 {1997},
  volume = 	 {24},
  pages = 	 {2809-2812}
}

@ARTICLE{Serrin,                                                               
   author = "J. Serrin",                                                       
   title = "On the Interior Regularity of Weak Solutions                       
            of the {Navier-Stokes} Equations",                                 
   journal = "Arch.  Rat.  Mech.  Anal.",                                      
   volume = 9,                                                                 
   pages = "187--195",                                                         
   year = 1962}   



@Article{Sethian,
  author = 	 {J. A. Sethian},
  title = 	 {Curvature flow and entropy conditions applied to
		  grid generation},
  journal = 	 JCP,
  year = 	 1994,
  volume =	 115,
  number =	 2,
  pages =	 {440--454}
}

@Article{Shelley,
   author = "T. Y. Hou and J. Lowengrub and M. J. Shelley",
   title = "Removing the stiffness from interfacial flows with surface
            tension",
   journal = "J.~Comput.~Phys.",
   volume = 114,
   pages  = "312--338",
   year   = 1994}

@Article{Shelley1,
    author = "M. J. Shelley",
    title  = "A study of singularity formation in vortex--sheet motion
              by a spectrally accurate vortex method",
    journal= "J. Fluid Mech.",
    volume = 244,
    pages  = "493--526",
    year   = 1992}


@ARTICLE{Sidi-Israeli,
   author = "A. Sidi and M. Israeli",
   title  = "Quadrature methods for periodic singular and weakly
	     singular {F}redholm integral equations",
   journal= "J. Sci. Comp.",
   volume = 3,
   pages  = "323",
   year   = 1988}

@ARTICLE{Starius,                                                              
   author = "G. Starius",                                                      
   title = "On Composite Mesh Difference Methods for Hyperbolic                
            Differential Equations",                                           
   journal = "Numer. Math.",                                                   
   volume = 35,                                                                
   pages = "241--255",                                                         
   year = 1980}                                                                
                                                                               
@Article{SkeltonAdamsCraster,
  author = 	 {E. A. Skelton and S. D. M. Adams and R. V. Craster},
  title = 	 {Guided elastic waves and perfectly matched layers},
  journal = 	 {Wave Motion},
  year = 	 {2007},
  volume = 	 {44},
  pages = 	 {573--592},
}

@ARTICLE{Steger,                                                               
   author = "J. L. Steger and J. A. Benek",                                    
   title = "On the use of Composite Grid Schemes in Computational              
            Aerodynamics",                                                     
   journal = "Computer Methods in Applied Mechanics and Engineering",          
   volume = 64,                                                                
   pages = "301--320",                                                         
   year = 1987}                                                                

@ARTICLE{Strikwerda,                                                           
   author = "J. C. Strikwerda",                                                      
   title = "Finite Difference Methods for the {Stokes} and {Navier-Stokes}     
            Equations",                                                        
   journal = SISSC,                                                            
   volume = 5,                                                                 
   number = 1,                                                                 
   pages = "56--68",                                                           
   year = 1984}                                                                
                                                                               
@BOOK{Strikwerda89,                                                            
   author = "J.C. Strikwerda",                                                 
   title = "Finite Difference Schemes and Partial Differential Equations",     
   publisher = "Wadsworth and Brooks/Cole",                                    
   year = 1989}                                                                
                                                                               
@techreport{Suhs,
   author = "N. E. Suhs and R. W. Tramel",
   title = "{PEGSUS} 4.0 User's Manual",
   institution = "Arnold Engineering Development Center",
   number = "AEDC-TR-91-8",
   year = 1991}

                                                                               


@Article{Strand-94,
  author = 	 {B. Strand},
  title = 	 {Summation by parts for finite difference approximations for d/dx},
  journal = 	 {J. Comput. Phys.},
  year = 	 {1994},
  volume = 	 {110},
  pages = 	 {47-67}
}

@Article{Strand99,
  author = 	 {Bo Strand},
  title = 	 {Simulations of acoustic wave phenomena using high-order finite difference approximations},
  journal = 	 {SIAM J. Sci. Comput.},
  year = 	 1999,
  volume =	 20,
  pages =	 {1585-1604}
}

@Article{Strikwerda97,
  author = 	 {J. C. Strikwerda},
  title = 	 {High--Order--Accurate Schemes for Incompressible Viscous Flow},
  journal = 	 {Internat. J. Numer. Meth. Fluids},
  year = 	 {1997},
  volume = 	 {24},
  pages = 	 {715--734}
}

@inproceedings{Suhs-94,
   author = "N. E. Suhs",
   booktitle = "2:nd {S}ymposium on {O}verset {C}omposite {G}rid and
		  {S}olution {T}echnology", 
   title = "Tutorial: {PEGSUS} version 4.0",
   publisher = "AIAA",                 
   year = 1994}


@ARTICLE{Sussman,
  author = 	 "M. Sussman and P. Smereka and S. Osher",
  title = 	 "A Level set approach for computing solutions to
		  incompressible two-phase flow",
  journal =	 "J. Comput. Phys.",
  year = 	 1994,
  volume = 	 114,
  number = 	 1,
  pages = 	 "146--159"
}
		  
		 
@INPROCEEDINGS{Sjogreen-Yee-hyp2002,
        AUTHOR ="B. Sj{\"o}green and H. C. Yee",
        TITLE  ="Analysis of High Order Difference Methods for
                 Multiscale Complex Compressible Flow",
        BOOKTITLE= "Proceedings of the HYP2002 conference",
        ADDRESS = "Pasadena, CA.",
        YEAR     = 2002,
        MONTH = mar # "~25-29",
}


@Book{TafloveHagness,
  author = 	 {Allen Taflove and Susan C. Hagness},
  title = 	 {Computational Electrodynamics: {T}he {F}inite-{D}ifference {T}ime-{D}omain Method},
  publisher = 	 {Artech House, London},
  year = 	 {2000},
  edition = 	 {Second Edition},
}

@ARTICLE{Tadmor,
  author = 	 "Eitan Tadmor",
  title = 	 "Stability Analysis of Finite-Difference,
		  Pseudo-spectral and {F}ourier-{G}alerkin Approximations
		  for time-dependent problems",
  journal =	 "SIAM Review",
  year = 	 1987,
  volume = 	 29,
  number = 	 4,
  pages = 	 "525--555"
}

@BOOK{Temam1,                                                                  
   author = "R. Temam",                                                        
   title = "{Navier-Stokes} Equations and Nonlinear Functional Analysis",      
   publisher = "CBMS-NSF Reg. Conf. Series in Appl.Math. SIAM",                
   year = 1983}                                                                
                                                                               
@ARTICLE{Temam2,                                                               
   author = "P. Constantin and C. Foias and R. Temam",                         
   title = "Attractor Representing Turbulent Flows",                           
   journal = "Memoirs of the Amer. Math. Soc.",                                
   volume = 53,                                                                
   number = 314,                                                               
   year = 1985}                                                                

@book{Thompson1,                                                               
   author = "J. F. Thompson and Z. U. A. Warsi and C. W. Mastin",              
   title = "Numerical Grid Generation",                                        
   publisher = "North-Holland",                                                
   address = "New York",                                                       
   year = 1985}                                                                
                                                                               
@ARTICLE{Thompson85,                                                           
   author = "J. F. Thompson",                                                  
   title = "A Composite Grid Generation Code for General 3D Regions - the      
            Eagle Code",                                                       
   journal = "AIAA J.",                                                        
   volume = 26,                                                                
   pages = "271",                                                              
   year = 1988}                                                                
                                                                               
@ARTICLE{Thune,                                                                
   author = "M. Thun\'e",
   title = "Stability of a {Runge-Kutta} Method for the {Euler} Equations      
            on a Substructured Domain",                                        
   journal = SISSC,                                                            
   volume = 10,                                                                
   number = 1,                                                                 
   pages = "154--174",                                                         
   year = 1989}                                                                
                                                                               
@techreport{Thune1,                                                            
   author = "M. Thun\'e",
   title = "Stability of difference approximations of hyperbolic
            systems on substructured domains ",
   institution = "Department of Scientific Computing, Uppsala University",          
   number = "106",   
   year = 1986}                                                                


@Article{TikSam-61,
  author = 	 {A. N. Tikhonov and A. A. Samarski\u{\i}},
  title = 	 {Homogeneous difference schemes},
  journal = 	 {Zh. Vychisl. Mat. i Mat. Fiz.},
  year = 	 {1961},
  volume = 	 {1},
  pages = 	 {5-63},
}

@ARTICLE{Trefethen,                                                            
   author = "L. N. Trefethen",                                                 
   title = "Stability of Finite-Difference Models Containing Two               
   Boundaries or Interfaces",                                                  
   journal = "Math. Comp.",                                                    
   volume = 45,                                                                
   number = 172,                                                               
   pages = "279--300",                                                         
   year = 1985}                                                                
                                                                               
@phdthesis{Tu1,  
   author = "J. Tu ",
   title = "Three Dimensional Overlapping Grids and Multigrid
            Methods for Flow Calculations in Complex IC. Engine
            Geometries ", 
   school = "Department of Gasdynamics,
             Royal Institute of Technology",
   year = 1992}                                                                


@Article{Turkel-Yefet,
  author = 	 {E. Turkel and A. Yefet},
  title = 	 {On the construction of a high order difference scheme for complex domains in a {C}artesian grid},
  journal = 	 {Appl. Numer. Math.},
  year = 	 {2000},
  volume = 	 {33},
  pages = 	 {113-124}
}

@Article{Yefet-Turkel,
  author = 	 {A. Yefet and E. Turkel},
  title = 	 {Fourth order compact implicit method for the {M}axwell equations with discontinuous coefficients},
  journal = 	 {Appl. Numer. Math.},
  year = 	 {2000},
  volume = 	 {33},
  pages = 	 {125-134}
}

@Article{Yefet-Petropoulos,
  author = 	 {A. Yefet and P.G. Petropoulos},
  title = 	 {A staggered fourth-order accurate explicit finite difference scheme for the time-domain {M}axwell's equations},
  journal = 	 {J. Comput. Phys.},
  year = 	 {2001},
  volume = 	 {168},
  pages = 	 {286-315}
}

@techreport{WARD91,                                                            
   author = "M. J. Ward and W. D. Henshaw and J. B. Keller",                   
   title = "Summing Logarithmic Expansions for Strong                          
            Localized Perturbations                                           
            of Linear and Nonlinear Eigenvalue Problems",                      
   institution = "IBM Research Division, Yorktown Heights, NY",                
   type = "IBM Research Report", 
   number = "RC ?????",
   year = 1991}                                                                

@techreport{WDH-HDF,
		  author = "W. D. Henshaw",
		  title  = "{GenericDataBase}: A {C++} Interface to
		  Scientific Data-Bases for Use with {A++};
		  {HDF\_DataBase}: An implementation of {GenerericDataBase}
		  Using {HDF}",
		  institution = "Computing, Information and
		  Communications Division, Los Alamos National
		  Laboratory, Los Alamos, NM",                
		  year   = 1996}
		  

@Article{Xie-Chan-Zhang,
  author = 	 {Z. Xie and C.-H. Chan and B. Zhang},
  title = 	 {An explicit fourth-order staggered finite-difference time-domain method for {M}axwell's equations},
  journal = 	 {J. Comput. Appl. Math.},
  year = 	 {2002},
  volume = 	 {147},
  pages = 	 {75-98}
}

@Article{Xie-Chan-Zhang-2,
  author = 	 {Z. Xie and C.-H. Chan and B. Zhang},
  title = 	 {An explicit fourth-order curvilinear staggered-grid {FDTD} method for {M}axwell's equations},
  journal = 	 {J. Comput. Phys.},
  year = 	 {2002},
  volume = 	 {175},
  pages = 	 {739-763}
}

@ARTICLE{Wannier,                                                              
   author = "G. H. Wannier",                                                   
   title = "A Contribution to the Hydrodynamics of Lubrication",               
   journal = "Quarterly of Applied Mathematics",                               
   volume = "VIII",                                                            
   number = 1,                                                                 
   pages = "1--32",                                                            
   year = 1950}                                                                
                                                                               
@book{Whitham,
   author = "G. B. Whitham",                                                  
   title = "Linear and nonlinear waves",          
   publisher = "Wiley-Interscience, New York",
   year = 1974}                                                                

@Article{WellerShortley,
  author = 	 {R. Weller and G. H. Shortley},
  title = 	 {Calculation of stresses within the boundary of photoelastic models},
  journal = 	 {J. Appl. Mech.},
  year = 	 1939,
  volume =	 6,
  pages =	 {A-71--A-78}
}

@Misc{Wi-yu-yo:gmres,
  author       = "L. B. Wigton and N. J. Yu and D. P. Young",
  title        = "{GMRES} acceleration of computational fluid dynamics codes",
  howpublished = "AIAA Paper 85-1494, AIAA 7th Comput. Fluid Dyn. Conf.",
  year         = "1985",
  pages        = "67-74"}

@Article{Wiegmann-Bube,
  author = 	 {A. Wiegmann and K. Bube},
  title = 	 {The immersed interface method for nonlinear differential equations with discontinuous coefficients and singular sources},
  journal = 	 {SIAM J. Numer. Anal.},
  year = 	 {1998},
  volume = 	 {35},
  pages = 	 {177-200}
}

@book{Willmore,
   author = "T. J. Willmore",                                                  
   title = "Differential Geometry",          
   publisher = "Oxford University Press",                                          
   year = 1959}                                                                
                                                                               

@ARTICLE{Wu-Taylor,
   author = "G. X. Wu and R. E. Taylor",
   title = "Hydrodynamic forces on submerged oscillating cylinders at
            forward speed",
   journal = "Proc. R. Soc. Lond.",
   volume = "A 414",                                                            
   pages = "149--170",                                                            
   year = 1987}

@TechReport{Xcog-users-guide,
  author = 	 {N. Anders Petersson},
  title = 	 {User's guide to {X}cog version 2.0},
  institution =  {Hydromechanics division, Naval Arch. and Ocean Eng.,
		  Chalmers Univ. of Tech.},
  year = 	 1997,
  number =	 {CHA/NAV/R-97/0048},
  address =	 {412 96 Gothenburg, SWEDEN},
  note =	 "(also at http://www.na.chalmers.se/{$\tilde{\ }$}andersp/xcog/xcog.html)"}

@article{Petersson-99,
   author = "N. Anders Petersson",
   title = "An Algorithm for Assembling Overlapping Grid Systems",
  journal = 	 {SIAM J. Sci. Comput.},
  year = 	 {1999},
  volume = 	 {20},
  pages = 	 {1995--2022}
}
		  
@TechReport{WPP,
  author = 	 {N. A. Petersson and A. J. Rodgers and B. Sj\"ogreen},
  title = 	 {User's guide to the {W}ave {P}ropagation {P}rogram ({WPP}) version 1.2},
  institution =  {Lawrence Livermore National Laboratory},
  year = 	 {2008},
  number = 	 {SM-230257},
  note = 	 {(Source code available from https://computation.llnl.gov/casc/serpentine)},
}

@TechReport{WPP2,
  author = 	 {N. A. Petersson and B. Sj\"ogreen},
  title = 	 {User's guide to {WPP} version 2.2},
  institution =  {Lawrence Livermore National Laboratory},
  year = 	 {2011},
  number = 	 {LLNL-SM-487431},
  note = 	 {(Source code available from computation.llnl.gov/casc/serpentine)},
}


@Techreport{SW4,
  title = 	 {User's guide to {SW4}, version 1.0},
  author = 	 {N. A. Petersson and B. Sj\"ogreen},
  institution =  {Lawrence Livermore National Laboratory},
  year = 	 {2013},
  number = 	 {LLNL-SM-642292},
  note = 	 {(Source code available from {\tt computation.llnl.gov/casc/serpentine})}
}

@Techreport{SW4-11,
  title = 	 {User's guide to {SW4}, version 1.1},
  author = 	 {N. A. Petersson and B. Sj\"ogreen},
  institution =  {Lawrence Livermore National Laboratory},
  year = 	 {2014},
  number = 	 {LLNL-SM-662014},
  note = 	 {(Source code available from {\tt geodynamics.org/cig})}
}

@Techreport{SW4-v2,
  title = 	 {User's guide to {SW4}, version 2.0},
  author = 	 {N. A. Petersson and B. Sj\"ogreen},
  institution =  {Lawrence Livermore National Laboratory},
  year = 	 {2017},
  number = 	 {LLNL-SM-741439},
  note = 	 {(Source code available from {\tt geodynamics.org/cig})}
}

@Techreport{SW4-install,
  title = 	 {Installing {SW4}, version 2.0},
  author = 	 {N. A. Petersson and B. Sj\"ogreen},
  institution =  {Lawrence Livermore National Laboratory},
  year = 	 {2017},
  number = 	 {LLNL-SM-741310}
}

@Article{FacMagPauQuar97,
  author = 	 {E. Faccioli and  F. Maggio and R. Paolucci and A. Quarteroni},
  title = 	 {2d and 3D elastic wave propagation by a pseudo-spectral domain decomposition method},
  journal = 	 {Journal of Seismology},
  year = 	 1997,
  volume =	 1,
  number =	 3,
  pages =	 {237--251}
}

@Article{KomVil98,
  author = 	 {D. Komatitsch and J.-P. Vilotte},
  title = 	 {The spectral element method; an efficient tool to simulate the seismic response of 2D and 3D geological structures},
  journal = 	 {Bulletin of the Seismological Society of America},
  year = 	 1998,
  volume =	 88,
  number =	 2,
  pages =	 {368--392}
}

@article{KasDum2D06,
author = {M. K\"{a}ser and M. Dumbser},
title = {An arbitrary high-order discontinuous {G}alerkin method for elastic waves on unstructured meshes - {I}. {T}he two-dimensional isotropic case with external source terms}, 
journal = {Geophys. J. Int.},
volume = 166,
number = 2,
pages = {855-877},
year = 2006,
}

@article{KasDum3D-06,
author = {M. Dumbser and M. K\"{a}ser},
title = {An arbitrary high-order discontinuous {G}alerkin method for elastic waves on unstructured meshes - {II}. {T}he three-dimensional isotropic case}, 
journal = {Geophys. J. Int.},
volume = 167,
number = 1,
pages = {319-336},
year = 2006
}

@article{KasDumVE-07,
author = {M. K\"{a}ser and M. Dumbser and J. de la Puente and H. Igel},
title = {An arbitrary high-order discontinuous {G}alerkin method for elastic waves on unstructured meshes - {III}. {V}iscoelastic attenuation}, 
journal = {Geophys. J. Int.},
volume = 168,
pages = {224-242},
year = 2007
}

@article{KasDumPue-07,
author = {M. Dumbser and M. K\"{a}ser and J. de la Puente},
title = {Arbitrary high-order finite volume schemes for seismic wave propagation on unstructured meshes in 2{D} and 3{D}}, 
journal = {Geophys. J. Int.},
volume = 171,
number = 2,
pages = {665-694},
year = 2007,
}

@Article{KrisMocVE-03,
  author = 	 {J. Kristek and P. Moczo},
  title = 	 {Seismic-wave propagation in viscoelastic media with material discontinuities: A 3{D} fourth-order staggered-grid finite-difference modeling},
  journal = 	 {Bull. Seismo Soc. Amer.},
  year = 	 {2003},
  volume = 	 {93},
  number = 	 {5},
  pages = 	 {2273-2280}
}

@Article{MocKris-05,
  author = 	 {P. Moczo and J. Kristek},
  title = 	 {On the rheological models used for time-domain methods of seismic wave propagation},
  journal = 	 {Geophys. Res. Lett.},
  year = 	 {2005},
  volume = 	 {32},
  key = 	 {L01306}
}

@InProceedings{Pe02a,
  author = 	 {N. Anders Petersson},
  title = 	 {A software demonstration of 'rap': preparing {CAD} geometries for overlapping grid 
generation},
  booktitle = 	 {8'th international conference on numerical grid generation in computational field 
simulations},
  year = 	 {2002}
}

@InProceedings{Pe02b,
  author = 	 {N. Anders Petersson},
  title = 	 {Overlapping grid generation on {CAD} models},
  booktitle = 	 {6'th overset composite grid and solution technology symposium},
  year =	 {2002}
}


@InProceedings{PeCh02,
  author = 	 {N. Anders Petersson and Kyle K. Chand},
  title = 	 {Detecting translation errors in {CAD} surfaces and preparing geometries for mesh generation},
  booktitle = 	 {Proceedings of 10'th annual meshing round table},
  year = 	 {2001}
}



@Article{Has-64,
  author = 	 {N.A. Haskell},
  title = 	 {Radiation pattern of surface waves from point sources in a multi-layered medium},
  journal = 	 {Bull. Seismo. Soc. Amer.},
  year = 	 {1964},
  volume = 	 {54},
  number = 	 {1},
  pages = 	 {377-393}
}

@InProceedings{He02a,
  author = 	 {W. D. Henshaw},
  title = 	 {Generating composite overlapping grids on {CAD} geometries},
  booktitle = 	 {8'th international conference on numerical grid generation in computational field 
simulations},
  year = 	 {2002}
}



@Article{He02b,
  author = 	 {W. D. Henshaw},
  title = 	 {An algorithm for projecting points onto a patched {CAD} model},
  journal = 	 {Engineering with computers},
  year = 	 {2002},
  volume = 	 {18},
  pages = 	 {265--273}
}

@InProceedings{He02c,
  author = 	 {W. D. Henshaw},
  title = 	 {An object-oriented framework for overlapping grid applications},
  booktitle = 	 {Proceedings of the {AIAA} conference on applied aerodynamics},
  year = 	 {2002}
}



@Book{leveque-92,
  author = 	 {R. J. LeVeque},
  title = 	 {Numerical methods for conservation laws},
  publisher = 	 {Birkh\"auser},
  year = 	 {1992},
  note = 	 {pp. 117-118}
}

@Article{warming-hyett-74,
  author = 	 {R. F. Warming and B. J. Hyett},
  title = 	 {The modified equation approach to the stability and accuracy analysis of finite-difference methods},
  journal = 	 {J. Comput. Phys.},
  year = 	 {1974},
  volume = 	 {14},
  pages = 	 {159--179}
}

@inproceedings{Xia-Larsson,
   author = "F. Xia and L. Larsson",
   booktitle = "Proceedings of the 16'th Symposium on Naval Hydrodynamics",
   title = "A calculation method for the lifting potential flow around
            yawed surface piercing {3--D} bodies", 
   year = 1986}
		  
		  


@Article{Yee66,
  author = 	 {K. S. Yee},
  title = 	 {Numerical solution of initial boundary value problems involving {M}axwell's equations in isotropic media},
  journal = 	 {IEEE Trans. Antennas Propagat.},
  year = 	 {1966},
  volume = 	 {14},
  pages = 	 {302-307}
}

@Book{Yih,
  author = 	 {Chia--Shun Yih},
  title = 	 {Fluid Mechanics},
  publisher = 	 {West river press},
  year = 	 1979
}

@ARTICLE{Yosihara,
   author = "H. Yosihara",
   title  = "Gravity waves",
   journal= "Publ. RIMS Kyoto Univ.",
   volume = "18",
   pages  = "49--96",
   year   = 1982}
		  
@ARTICLE{Yue1,
   author = "D. K. P. Yue, H. S. Chen and C. C. Mei",
   title = "A Hybrid Element Method for Diffraction of Water Waves by
              Three Dimensional Bodies",
   journal = "Int. J. Num. Meth. Eng.",
   volume ="12",
   pages = "245--266",
   year = 1978}

@Article{Zhao-Wei,
  author = 	 {S. Zhao and G.W. Wei},
  title = 	 {High-order {FDTD} methods via derivative matching for {M}axwell's equations with material interfaces},
  journal = 	 {J. Comput. Phys.},
  year = 	 {2004},
  volume = 	 {200},
  pages = 	 {60-103}
}

@Article{ZhangLeveque,
  author = 	 {C. Zhang and R. LeVeque},
  title = 	 {The immersed interface method for acoustic wave equations with discontinuous coefficients},
  journal = 	 {Wave Motion},
  year = 	 1997,
  volume =	 25,
  pages =	 {237--263}
}

@Article{forrer-jeltsch,
  author = 	 {H. Forrer and R. Jeltsch},
  title = 	 {A Higher-Order Boundary Treatment for Cartesian Grid Methods},
  journal = 	 {J. Comput. Phys.},
  year = 	 {1998},
  volume = 	 {140},
  pages = 	 {259--277}
}

@inproceedings{berger-leveque1,
  author = 	 {M. Berger and R.J.LeVeque},
  title = 	 {Cartesian Meshes and Adaptive Mesh Refinement for Hyperbolic Partial Differential Equations},

  booktitle =    {Proceedings 3rd Intl. Conference on Hyperbolic Problems},
  editor     = "B.Gustafsson and B. Engquist",
  year      =  	 {1990},
  pages = 	 {305--311}
}

@Article{berger-leveque2,
  author = 	 {M. Berger and R.J.LeVeque},
  title = 	 {Stable boundary conditions for Cartesian grid calculations},
  journal = 	 {Computer Systems in Engineering},
  year = 	 {1990},
  volume = 	 {1},
  pages = 	 {305--311}
}

@TechReport{colella-hyp,
   author = "P. Colella and D.T.Graves and B.J.Keen and D. Modiano",
   title = "A Cartesian Grid Embedded Boundary Method for Hyperbolic Conservation Laws",
   institution = "Lawrence Berkeley National Laboratory",                
   number = "LBL-56420",
   year = 2004
}

@Book{Collatz:1966ad,
  author = 	 {L. Collatz},
  title = 	 {Functional analysis and numerical mathematics},
  publisher = 	 {Academic Press},
  year = 	 {1966},
  address = 	 {New York},
}

@Article{Dablain1986,
  author = 	 {M. A. Dablain},
  title = 	 {The application of high-order differencing to the scalar wave equation},
  journal = 	 {Geophysics},
  year = 	 {1986},
  volume = 	 {51},
  pages = 	 {54-66}
}

@PhdThesis{LyonThesis,
  author = 	 {M. Lyon},
  title = 	 {High-order unconditionally-stable fc-ad pde solvers for general domains},
  school = 	 {Caltech},
  year = 	 {2009}
}

@Article{Mattsson-2004pt,
  author = 	 {K. Mattsson and M. Sv\"ard and J. Nordstr\"om},
  title = 	 {Stable and accurate artificial dissipation},
  journal = 	 {Journal of Scientific Computing},
  year = 	 {2004},
  volume = 	 {21},
  pages = 	 {57-79}
}

@Article{Mattsson-Nordstrom-04,
  author = 	 {K. Mattsson and J. Nordstr\"om},
  title = 	 {Summation by parts operators for finite difference approximations of second derivatives},
  journal = 	 {J. Comput. Phys.},
  year = 	 {2004},
  volume = 	 {199},
  pages = 	 {503-540}
}

@Article{Wandzura2004763,
  author = 	 {S. Wandzura},
  title = 	 {Stable, high-order discretization for evolution of the wave equation in 2 + 1 dimensions},
  journal = 	 {J. Comput. Phys.},
  year = 	 {2004},
  volume = 	 {199},
  pages = 	 {763-775},
}

@techreport{AppPet-09,
  author = {D. Appel\"o and N. A. Petersson},
  title = {A compact fourth-order-accurate embedded boundary method for the wave equation},
  institution=  {Lawrence Livermore National Laboratory},
  year = {2009},
  type = {Technical report},
  number = {LLNL-ABS-410101},
  note = {Conference abstract submitted to Waves-09},
}
                  
@techreport{AppPet-12,
  author = {D. Appel\"o and N. A. Petersson},
  title = {A fourth-order accurate embedded boundary method for the wave equation},
  institution=  {Lawrence Livermore National Laboratory},
  year = {2012},
  type = {Technical report},
  number = {LLNL-JRNL-417163},
  note = {(to appear in SIAM J. Sci. Comput.)},
}


@TechReport{Serp-08,
  author = 	 {N. Anders Petersson and Bj\"orn Sj\"ogreen},
  title = 	 {{SERPENTINE}: Embedded boundary methods for wave propagation in complex geometries},
  institution =  {Lawrence Livermore National Laboratory},
  year = 	 {2008},
  type = 	 {Proposal},
  number = 	 {LLNL-PROP-400587}
}

@Article{Wal-99,
  author = 	 {J. Wald\'{e}n},
  title = 	 {On the approximation of singular source terms in differential
  equations},
  journal = 	 {Numer. Meth. Part. Diff. Eq.},
  year = 	 {1999},
  volume = 	 {15}
}


@Article{Wan-Her-80,
  author = 	 {C.Y. Wang and R.B. Hermann},
  title = 	 {A numerical study of {P}-, {SV}- and {SH}-wave generation in a plane layered medium},
  journal = 	 {Bull. Seismo. Soc. Amer.},
  year = 	 {1980},
  volume = 	 {70},
  number = 	 {4},
  pages = 	 {1015-1036}
}

@Article{Vir-86,
  author = 	 {J. Virieux},
  title = 	 {P-{SV} wave propagation in heterogeneous media: {V}elocity-stress finite-difference method},
  journal = 	 {Geophysics},
  year = 	 {1986},
  volume = 	 {51},
  number = 	 {4},
  pages = 	 {889-901}
}

@Misc{Zhu-FK,
  author = 	 {L. Zhu},
  title = 	 {The frequency-wavenumber ({FK}) synthetic seismogram package},
  howpublished = {Available at http://www.eas.slu.edu/People/LZhu/home.html},
  year = 	 {1999}
}



@Article{Zhu-02,
  author = 	 {L. Zhu and L.A. Rivera},
  title = 	 {A note on the dynamic and static displacements from a point source in multilayered media},
  journal = 	 {Geophys. J. Int.},
  year = 	 {2002},
  volume = 	 {148},
  pages = 	 {619-627}
}

@ARTICLE{ sjogreen-hot,
  AUTHOR  ="Sj{\"o}green, B.",
  TITLE   ="High Order Centered Difference Methods for the Compressible {N}avier-{S}tokes Equations",
  JOURNAL = " J.\ Comput.\ Phys.",
  VOLUME  = 117,
  YEAR    = 1995,
  PAGES   = "67-78"
}

@PHDTHESIS{Mattson,
  AUTHOR ="K. Mattson",
  TITLE  ="Summation-by-Parts Operators for High Order Finite Difference Methods",
  SCHOOL = "Uppsala University, Information Technology, Department of Scientific Computing",
  YEAR   = 2003
}

@Book{bio06,
  author = 	 {B. Biondi},
  title = 	 {3{D} seismic imaging},
  publisher = 	 {Society of exploration geophysicists},
  year = 	 {2006},
  volume = 	 {14},
  series = 	 {{SEG} investigations in geophysics},
}

@Article{FicBunIge06,
  author = 	 {A. Fichtner and H.-P. Bunge and H. Igel},
  title = 	 {The adjoint method in seismology {I}. Theory},
  journal = 	 {Phys. Earth Plan. Int.},
  year = 	 {2006},
  volume = 	 {157},
  pages = 	 {86-104}
}

@Article{TroKomLiu08,
 author = 	 {J. Tromp and D. Komatitsch and Q. Liu},
 title = 	 {Spectral-element and adjoint methods in seismology},
 journal = 	 {Commun. Comput. Phys.},
 year = 	 2008,
 volume = 	 3,
 number =	 {1--32},
}

@Article{Clayton_Engquist_1977,
  author = 	 {R. Clayton and B. Engquist},
  title = 	 {Absorbing boundary conditions for acoustic and elastic wave equations},
  journal = 	 {Bull. Seismo. Soc. Amer.},
  year = 	 {1977},
  volume = 	 {67}
}

@article{AppCol-09,
  author = 	 {D. Appel\"o and T. Colonius},
  title = 	 {A high order super-grid-scale absorbing layer and its application to linear hyperbolic systems},
  journal=       {J. Comput. Phys.},
  volume =       228,                                                                
  pages =        {4200-4217},
  year = 	 2009
}

@ARTICLE{Thomsen,
  author = "L. Thomsen",                                                  
  title = "Weak elastic anisotropy",
  journal ="Geophysics",                                                        
  volume =51,                                                                
  pages = "1954--1966",                                                              
  year = 1986}

@Book{achenbach,
 author =      {J. D. Achenbach},
 title =      {Wave propagation in elastic solids},
 publisher =      {North-Holland},
 year =      {1973},
 volume =      {16},
 series =      {Applied Mathematics and Mechanics}
}

@Article{WilStaBurGha-10,
  author = 	 {L.C. Wilcox and G. Stadler and C. Burstedde and O. Ghattas},
  title = 	 {A high-order discontinuous {G}alerkin method for wave propagation through coupled elastic-acoustic media},
  journal = 	 {J. Comput. Phys.},
  year = 	 {2010},
  volume = 	 {229},
  pages = 	 {9373-9396}
}

@ARTICLE{virieux-86,
         AUTHOR = "J. Virieux",
         TITLE = "{P}-{SV} wave propagation in heterogeneous media: 
                  Velocity-stress finite-difference method",
         JOURNAL = "Geophysics",
         VOLUME = 51,
         YEAR = 1986,
         PAGES = "889--901"
}

@ARTICLE{levander-88,
         AUTHOR  = "A.R. Levander",
         TITLE   = "Fourth-order finite-difference {P}-{SV} seismograms",
         JOURNAL = "Geophysics",
         VOLUME  = 53,
         YEAR    = 1988,
         PAGES   = "1425--1436",
}

@MISC{netlib,
   AUTHOR = "Netlib",
   TITLE="Repository of Scientific Computing Software",
   HOWPUBLISHED = "\url{http://www.netlib.org}"
}

@InBook{Goldstein-et-al,
  author = 	 {P. Goldstein and D. Dodge and M. Firpo and L. Miner},
  title = 	 {International Handbook of Earthquake and Engineering Seismology}, 
  chapter = 	 {SAC2000: Signal processing and analysis tools for seismologists and engineers},
  publisher = 	 {International Association of Seismology and Physics of the Earth's Interior},
  year = 	 {2003},
  volume = 	 {81B},
  pages = 	 {1613-1614}
}

@InProceedings{WesselSmithGMT,
  author = 	 {P. Wessel and W. H. F. Smith},
  title = 	 {New, improved version of Generic Mapping Tools released},
  booktitle = {EOS trans. AGU},
  pages = 	 {579},
  year = 	 {1998},
  volume = 	 {79},
}

@Misc{Proj4,
  key = 	 {Webpage},
  author = 	 {G. Evenden (original author)},
  title = 	 {Proj.4 Cartographic projections library},
  howpublished = {Source code and documentation available from trac.osgeo.org/proj},
}

@Article{liuetal_2006,
  author = 	 {P. Liu and R. J. Archuleta and S. H. Hartzell},
  title = 	 {Prediction of Broadband Ground-Motion Time Histories: Hybrid Low/High-Frequency Method with Correlated Random Source Parameters},
  journal = 	 {Bulletin of the Seismological
  Society of America},
  year = 	 {2006},
  volume = 	 {96},
  pages = {2118--2130}
}

